ISA*00*          *00*          *ZZ*IHCP           *ZZ*R824           *230422*1538*^*00501*104221133*0*P*:~GS*HP*IHCP*R824*20230422*1538*104221133*X*005010X221A1~ST*835*0001~BPR*I*71550.84*C*ACH*CCP*01*044115126*DA*044115126*1271510177**01*083000137*DA*472164123*20230426~TRN*1*907404013*1271510177~REF*EV*R824~DTM*405*20230421~N1*PR*Gainwell Technologies LLC~N3*950 North Meridian Street*Suite 1150~N4*Indianapolis*IN*46204~PER*CX*Gainwell Technologies LLC (GWT)*TE*8004574584~PER*BL*Gainwell Technologies LLC (GWT)*TE*8004574584~N1*PE*ADAPTIVE COMPANION CARE SERVICES, INC.*FI*453778801~N3*702 N SHORE DR*STE 201~N4*JEFFERSONVILLE*IN*47130~LX*1~CLP*6-55466*1*285.18*285.18**MC*2023109117550*12*1~NM1*QC*1*ALEXANDER*JERRY*W***MR*102335772499~DTM*232*20230409~DTM*233*20230415~DTM*050*20230419~SVC*HC:S5125:U7:UA*285.18*285.18**49.00**49.000~DTM*150*20230409~DTM*151*20230415~REF*6R*5729882~LX*2~CLP*6-55467*1*1647.06*1647.06**MC*2023109117657*12*1~NM1*QC*1*ALLGOOD*MARTINA*A***MR*120588386999~DTM*232*20230409~DTM*233*20230415~DTM*050*20230419~SVC*HC:S5125:U7:UA*1647.06*1647.06**283.00**283.000~DTM*150*20230409~DTM*151*20230415~REF*6R*5729886~LX*3~CLP*6-55468*1*483.06*483.06**MC*2023109117743*12*1~NM1*QC*1*ANDREW*BETTY*J***MR*103272472499~DTM*232*20230410~DTM*233*20230413~DTM*050*20230419~SVC*HC:S5125:U7:UA*483.06*483.06**83.00**83.000~DTM*150*20230410~DTM*151*20230413~REF*6R*5729898~LX*4~CLP*6-55469*1*582.00*582.00**MC*2023109117793*12*1~NM1*QC*1*ARTHUR*KATHY*L***MR*100014277699~DTM*232*20230410~DTM*233*20230414~DTM*050*20230419~SVC*HC:S5125:U7:UA*582.00*582.00**100.00**100.000~DTM*150*20230410~DTM*151*20230414~REF*6R*5729901~LX*5~CLP*6-55470*1*995.22*995.22**MC*2023109117830*12*1~NM1*QC*1*ARTMAN*RONALD*G***MR*103055042899~DTM*232*20230409~DTM*233*20230415~DTM*050*20230419~SVC*HC:S5125:U7:UA*995.22*995.22**171.00**171.000~DTM*150*20230409~DTM*151*20230415~REF*6R*5729906~LX*6~CLP*6-55472*1*494.70*494.70**MC*2023109117887*12*1~NM1*QC*1*BAKER*TINA*L***MR*100065205599~DTM*232*20230411~DTM*233*20230414~DTM*050*20230419~SVC*HC:S5125:U7:UA*494.70*494.70**85.00**85.000~DTM*150*20230411~DTM*151*20230414~REF*6R*5729927~LX*7~CLP*6-55473*1*250.26*250.26**MC*2023109117935*12*1~NM1*QC*1*BARGER*FRANK*L***MR*103834458499~DTM*232*20230410~DTM*233*20230414~DTM*050*20230419~SVC*HC:S5125:U7:UA*250.26*250.26**43.00**43.000~DTM*150*20230410~DTM*151*20230414~REF*6R*5729931~LX*8~CLP*6-55474*1*186.24*186.24**MC*2023109117957*12*1~NM1*QC*1*BEAVERS*MARY*J***MR*102881020699~DTM*232*20230412~DTM*233*20230414~DTM*050*20230419~SVC*HC:S5125:U7:UA*186.24*186.24**32.00**32.000~DTM*150*20230412~DTM*151*20230414~REF*6R*5729934~LX*9~CLP*6-55475*1*875.55*875.55**MC*2023109118091*12*1~NM1*QC*1*BENTLEY*KATHY*A***MR*104114487299~DTM*232*20230410~DTM*233*20230415~DTM*050*20230419~SVC*HC:S5125:U7:UA*680.94*680.94**117.00**117.000~DTM*150*20230410~DTM*151*20230415~REF*6R*5729937~SVC*HC:S5130:U7:UA*194.61*194.61**39.00**39.000~DTM*150*20230410~DTM*151*20230414~REF*6R*5729936~LX*10~CLP*6-55476*1*93.12*93.12**MC*2023109118165*12*1~NM1*QC*1*BLEDSOE*DARLENE****MR*101259790099~DTM*232*20230412~DTM*233*20230412~DTM*050*20230419~SVC*HC:S5125:U7:UA*93.12*93.12**16.00**16.000~DTM*472*20230412~REF*6R*5729947~LX*11~CLP*6-55477*1*186.24*186.24**MC*2023109118196*12*1~NM1*QC*1*BROE*SHELLEY*A***MR*104681702799~DTM*232*20230412~DTM*233*20230414~DTM*050*20230419~SVC*HC:S5125:U7:UA*186.24*186.24**32.00**32.000~DTM*150*20230412~DTM*151*20230414~REF*6R*5729948~LX*12~CLP*6-55478*1*217.02*217.02**MC*2023109118220*12*1~NM1*QC*1*BROTHERTON*MARCIA*R***MR*100055263699~DTM*232*20230410~DTM*233*20230414~DTM*050*20230419~SVC*HC:S5125:U7:UA*157.14*157.14**27.00**27.000~DTM*150*20230410~DTM*151*20230414~REF*6R*5729950~SVC*HC:S5130:U7:UA*59.88*59.88**12.00**12.000~DTM*150*20230410~DTM*151*20230411~REF*6R*5729951~LX*13~CLP*6-55479*1*651.84*651.84**MC*2023109118313*12*1~NM1*QC*1*BROWN*WILMA*J***MR*102173069099~DTM*232*20230409~DTM*233*20230415~DTM*050*20230419~SVC*HC:S5125:U7:UA*651.84*651.84**112.00**112.000~DTM*150*20230409~DTM*151*20230415~REF*6R*5729954~LX*14~CLP*6-55480*1*954.48*954.48**MC*2023109118359*12*1~NM1*QC*1*BULTMAN*GWEN****MR*101626893899~DTM*232*20230410~DTM*233*20230414~DTM*050*20230419~SVC*HC:S5125:U7:UA*954.48*954.48**164.00**164.000~DTM*150*20230410~DTM*151*20230414~REF*6R*5729958~LX*15~CLP*6-55481*1*285.18*285.18**MC*2023109118380*12*1~NM1*QC*1*BUTLER*FREDERICK*N***MR*121038174399~DTM*232*20230411~DTM*233*20230413~DTM*050*20230419~SVC*HC:S5125:U7:UA*285.18*285.18**49.00**49.000~DTM*150*20230411~DTM*151*20230413~REF*6R*5729964~LX*16~CLP*6-55482*1*820.62*820.62**MC*2023109118401*12*1~NM1*QC*1*CHAPMAN*DONNA*J***MR*100967019999~DTM*232*20230409~DTM*233*20230415~DTM*050*20230419~SVC*HC:S5125:U7:UA*820.62*820.62**141.00**141.000~DTM*150*20230409~DTM*151*20230415~REF*6R*5729966~LX*17~CLP*6-55483*1*721.68*721.68**MC*2023109118481*12*1~NM1*QC*1*CHASTAIN*ALITA*J***MR*100082872199~DTM*232*20230409~DTM*233*20230414~DTM*050*20230419~SVC*HC:S5125:U7:UA*721.68*721.68**124.00**124.000~DTM*150*20230409~DTM*151*20230414~REF*6R*5729972~LX*18~CLP*6-55484*1*716.70*716.70**MC*2023109118566*12*1~NM1*QC*1*CHASTAIN*CAROLE*F***MR*102706236199~DTM*232*20230410~DTM*233*20230414~DTM*050*20230419~SVC*HC:S5125:U7:UA*686.76*686.76**118.00**118.000~DTM*150*20230410~DTM*151*20230414~REF*6R*5729977~SVC*HC:S5130:U7:UA*29.94*29.94**6.00**6.000~DTM*150*20230412~DTM*151*20230414~REF*6R*5729980~LX*19~CLP*6-55485*1*448.14*448.14**MC*2023109118643*12*1~NM1*QC*1*CLOUD*ANGEL*M***MR*103386703599~DTM*232*20230410~DTM*233*20230415~DTM*050*20230419~SVC*HC:S5125:U7:UA*448.14*448.14**77.00**77.000~DTM*150*20230410~DTM*151*20230415~REF*6R*5729985~LX*20~CLP*6-55486*1*1174.86*1174.86**MC*2023109118743*12*1~NM1*QC*1*CONDRA*DARLENE*A***MR*103077323699~DTM*232*20230409~DTM*233*20230415~DTM*050*20230419~SVC*HC:S5125:U7:UA*995.22*995.22**171.00**171.000~DTM*150*20230409~DTM*151*20230415~REF*6R*5729989~SVC*HC:S5130:U7:UA*179.64*179.64**36.00**36.000~DTM*150*20230409~DTM*151*20230415~REF*6R*5729990~LX*21~CLP*6-55487*1*931.20*931.20**MC*2023109118783*12*1~NM1*QC*1*CONNERLEY*JUDITH*A***MR*104813301999~DTM*232*20230410~DTM*233*20230414~DTM*050*20230419~SVC*HC:S5125:U7:UA*931.20*931.20**160.00**160.000~DTM*150*20230410~DTM*151*20230414~REF*6R*5730001~LX*22~CLP*6-55488*1*139.68*139.68**MC*2023109118828*12*1~NM1*QC*1*CONRAD*MINNIE*B***MR*104078977699~DTM*232*20230410~DTM*233*20230414~DTM*050*20230419~SVC*HC:S5125:U7:UA*139.68*139.68**24.00**24.000~DTM*150*20230410~DTM*151*20230414~REF*6R*5730006~LX*23~CLP*6-55489*1*407.40*407.40**MC*2023109118850*12*1~NM1*QC*1*DACHTLER*BARBARA*L***MR*100112341199~DTM*232*20230410~DTM*233*20230414~DTM*050*20230419~SVC*HC:S5125:U7:UA*407.40*407.40**70.00**70.000~DTM*150*20230410~DTM*151*20230414~REF*6R*5730009~LX*24~CLP*6-55490*1*494.70*494.70**MC*2023109118880*12*1~NM1*QC*1*DAGGY*LUCINDA*J***MR*100648984199~DTM*232*20230410~DTM*233*20230414~DTM*050*20230419~SVC*HC:S5125:U7:UA*494.70*494.70**85.00**85.000~DTM*150*20230410~DTM*151*20230414~REF*6R*5730014~LX*25~CLP*6-55491*1*366.66*366.66**MC*2023109118915*12*1~NM1*QC*1*DAUGHERTY*DONNA*C***MR*103651388399~DTM*232*20230411~DTM*233*20230414~DTM*050*20230419~SVC*HC:S5125:U7:UA*366.66*366.66**63.00**63.000~DTM*150*20230411~DTM*151*20230414~REF*6R*5730019~LX*26~CLP*6-55492*1*565.40*565.40**MC*2023109118932*12*1~NM1*QC*1*DEMAREE*JANET*S***MR*106511636899~DTM*232*20230410~DTM*233*20230414~DTM*050*20230419~SVC*HC:S5125:U7:UA*465.60*465.60**80.00**80.000~DTM*150*20230410~DTM*151*20230414~REF*6R*5730023~SVC*HC:S5130:U7:UA*99.80*99.80**20.00**20.000~DTM*472*20230411~REF*6R*5730024~LX*27~CLP*6-55493*1*541.26*541.26**MC*2023109119019*12*1~NM1*QC*1*DOOLEY*LAUREEN*K***MR*100511240299~DTM*232*20230412~DTM*233*20230415~DTM*050*20230419~SVC*HC:S5125:U7:UA*541.26*541.26**93.00**93.000~DTM*150*20230412~DTM*151*20230415~REF*6R*5730028~LX*28~CLP*6-55494*1*570.36*570.36**MC*2023109119048*12*1~NM1*QC*1*DURHAM*THERESA*L***MR*100656136799~DTM*232*20230410~DTM*233*20230414~DTM*050*20230419~SVC*HC:S5125:U7:UA*570.36*570.36**98.00**98.000~DTM*150*20230410~DTM*151*20230414~REF*6R*5730032~LX*29~CLP*6-55495*1*279.36*279.36**MC*2023109119099*12*1~NM1*QC*1*EAST*RUBY*C***MR*102356377699~DTM*232*20230410~DTM*233*20230414~DTM*050*20230419~SVC*HC:S5125:U7:UA*279.36*279.36**48.00**48.000~DTM*150*20230410~DTM*151*20230414~REF*6R*5730037~LX*30~CLP*6-55496*1*570.36*570.36**MC*2023109119128*12*1~NM1*QC*1*ESSEX*SANDRA****MR*105033993499~DTM*232*20230410~DTM*233*20230414~DTM*050*20230419~SVC*HC:S5125:U7:UA*570.36*570.36**98.00**98.000~DTM*150*20230410~DTM*151*20230414~REF*6R*5730043~LQ*HE*N473~LX*31~CLP*6-55497*1*349.20*349.20**MC*2023109119166*12*1~NM1*QC*1*FAITH*MICHAEL*P***MR*102729913899~DTM*232*20230411~DTM*233*20230414~DTM*050*20230419~SVC*HC:S5125:U7:UA*349.20*349.20**60.00**60.000~DTM*150*20230411~DTM*151*20230414~REF*6R*5730048~LX*32~CLP*6-55498*1*186.25*186.25**MC*2023109119239*12*1~NM1*QC*1*FRISTOE*JOYCE*A***MR*105081944899~DTM*232*20230410~DTM*233*20230414~DTM*050*20230419~SVC*HC:S5125:U7:UA*151.32*151.32**26.00**26.000~DTM*150*20230410~DTM*151*20230414~REF*6R*5730053~SVC*HC:S5130:U7:UA*34.93*34.93**7.00**7.000~DTM*150*20230410~DTM*151*20230414~REF*6R*5730052~LX*33~CLP*6-55499*1*259.45*259.45**MC*2023109119290*12*1~NM1*QC*1*GARRETT*MARY*E***MR*101139101699~DTM*232*20230410~DTM*233*20230413~DTM*050*20230419~SVC*HC:S5130:U7:UA*154.69*154.69**31.00**31.000~DTM*150*20230410~DTM*151*20230412~REF*6R*5730058~LQ*HE*N473~SVC*HC:S5125:U7:UA*104.76*104.76**18.00**18.000~DTM*150*20230411~DTM*151*20230413~REF*6R*5730060~LQ*HE*N473~LX*34~CLP*6-50766*1*581.76*581.76**MC*2223107002632*12*1~NM1*QC*1*GARRISON*CLAYTON****MR*121230454599~DTM*232*20221127~DTM*233*20221130~DTM*050*20230417~SVC*HC:S5125:U7:UA*232.80*232.80**40.00**40.000~DTM*472*20221127~SVC*HC:S5125:U7:UA*116.32*116.32**20.00**20.000~DTM*472*20221128~CAS*CO*45*-0.08**94*0.08~SVC*HC:S5125:U7:UA*116.32*116.32**20.00**20.000~DTM*472*20221129~CAS*CO*45*-0.08**94*0.08~SVC*HC:S5125:U7:UA*116.32*116.32**20.00**20.000~DTM*472*20221130~CAS*CO*45*-0.08**94*0.08~LX*35~CLP*6-55502*1*2997.30*2997.30**MC*2023109119339*12*1~NM1*QC*1*GOODMAN*BRENT****MR*101403886199~DTM*232*20230409~DTM*233*20230415~DTM*050*20230419~SVC*HC:S5125:U7:UA*2997.30*2997.30**515.00**515.000~DTM*150*20230409~DTM*151*20230415~REF*6R*5730080~LX*36~CLP*6-55503*1*830.64*830.64**MC*2023109119466*12*1~NM1*QC*1*GRANT*DONNA*L***MR*100182773099~DTM*232*20230410~DTM*233*20230414~DTM*050*20230419~SVC*HC:S5125:U7:UA*680.94*680.94**117.00**117.000~DTM*150*20230410~DTM*151*20230414~REF*6R*5730104~SVC*HC:S5130:U7:UA*149.70*149.70**30.00**30.000~DTM*150*20230410~DTM*151*20230414~REF*6R*5730103~LX*37~CLP*6-55504*1*145.50*145.50**MC*2023109119514*12*1~NM1*QC*1*HACKNEY*NOBLE*B***MR*100673431199~DTM*232*20230413~DTM*233*20230413~DTM*050*20230419~SVC*HC:S5125:U7:UA*145.50*145.50**25.00**25.000~DTM*472*20230413~REF*6R*5730113~LX*38~CLP*6-55505*1*657.66*657.66**MC*2023109119543*12*1~NM1*QC*1*HALL*ETTA*R***MR*105267309099~DTM*232*20230409~DTM*233*20230415~DTM*050*20230419~SVC*HC:S5125:U7:UA*657.66*657.66**113.00**113.000~DTM*150*20230409~DTM*151*20230415~REF*6R*5730114~LX*39~CLP*6-55506*1*488.88*488.88**MC*2023109119585*12*1~NM1*QC*1*HATFIELD*FREIDA*E***MR*102148093299~DTM*232*20230410~DTM*233*20230414~DTM*050*20230419~SVC*HC:S5125:U7:UA*488.88*488.88**84.00**84.000~DTM*150*20230410~DTM*151*20230414~REF*6R*5730126~LQ*HE*M53~LX*40~CLP*6-55507*1*325.92*325.92**MC*2023109119641*12*1~NM1*QC*1*HAWKINS*NANCY*A***MR*120637572599~DTM*232*20230411~DTM*233*20230414~DTM*050*20230419~SVC*HC:S5125:U7:UA*325.92*325.92**56.00**56.000~DTM*150*20230411~DTM*151*20230414~REF*6R*5730131~LX*41~CLP*6-55508*1*168.78*168.78**MC*2023109119672*12*1~NM1*QC*1*HENDRICKSON*DAVID*E***MR*104960498499~DTM*232*20230410~DTM*233*20230410~DTM*050*20230419~SVC*HC:S5125:U7:UA*168.78*168.78**29.00**29.000~DTM*472*20230410~REF*6R*5730134~LX*42~CLP*6-55509*1*186.24*186.24**MC*2023109119702*12*1~NM1*QC*1*HENDRICKSON*DELENA*F***MR*103216068999~DTM*232*20230413~DTM*233*20230413~DTM*050*20230419~SVC*HC:S5125:U7:UA*186.24*186.24**32.00**32.000~DTM*472*20230413~REF*6R*5730135~LX*43~CLP*6-55510*1*506.34*506.34**MC*2023109119731*12*1~NM1*QC*1*HICKMAN*PATRICIA*S***MR*103075347799~DTM*232*20230410~DTM*233*20230414~DTM*050*20230419~SVC*HC:S5125:U7:UA*506.34*506.34**87.00**87.000~DTM*150*20230410~DTM*151*20230414~REF*6R*5730136~LX*44~CLP*6-55511*1*384.12*384.12**MC*2023109119771*12*1~NM1*QC*1*HICKMAN*WARREN*D***MR*101113459899~DTM*232*20230409~DTM*233*20230415~DTM*050*20230419~SVC*HC:S5125:U7:UA*384.12*384.12**66.00**66.000~DTM*150*20230409~DTM*151*20230415~REF*6R*5730141~LX*45~CLP*6-55513*1*977.76*977.76**MC*2023109119793*12*1~NM1*QC*1*HOBSON*SANDRA*S***MR*102066088099~DTM*232*20230409~DTM*233*20230415~DTM*050*20230419~SVC*HC:S5125:U7:UA*977.76*977.76**168.00**168.000~DTM*150*20230409~DTM*151*20230415~REF*6R*5730149~LX*46~CLP*6-55514*1*116.40*116.40**MC*2023109119857*12*1~NM1*QC*1*HORNER*PENNY*R***MR*102330595499~DTM*232*20230410~DTM*233*20230410~DTM*050*20230419~SVC*HC:S5125:U7:UA*116.40*116.40**20.00**20.000~DTM*472*20230410~REF*6R*5730161~LX*47~CLP*6-55515*1*651.84*651.84**MC*2023109119888*12*1~NM1*QC*1*HUDSON*STORMY****MR*101193890799~DTM*232*20230409~DTM*233*20230415~DTM*050*20230419~SVC*HC:S5125:U7:UA*651.84*651.84**112.00**112.000~DTM*150*20230409~DTM*151*20230415~REF*6R*5730162~LX*48~CLP*6-55516*1*919.56*919.56**MC*2023109119933*12*1~NM1*QC*1*IRWIN*EFFIE*M***MR*121221404199~DTM*232*20230410~DTM*233*20230414~DTM*050*20230419~SVC*HC:S5125:U7:UA*919.56*919.56**158.00**158.000~DTM*150*20230410~DTM*151*20230414~REF*6R*5730167~LX*49~CLP*6-55517*1*721.68*721.68**MC*2023109119954*12*1~NM1*QC*1*JOHNSON*JUDY*E***MR*121096679099~DTM*232*20230410~DTM*233*20230414~DTM*050*20230419~SVC*HC:S5125:U7:UA*721.68*721.68**124.00**124.000~DTM*150*20230410~DTM*151*20230414~REF*6R*5730172~LX*50~CLP*6-53006*1*226.98*226.98**MC*2223109005676*12*1~NM1*QC*1*JOHNSON*JUDY*E***MR*121096679099~DTM*232*20230120~DTM*233*20230130~DTM*050*20230419~SVC*HC:S5125:U7:UA*110.58*110.58**19.00**19.000~DTM*472*20230120~REF*6R*5479554~SVC*HC:S5125:U7:UA*116.40*116.40**20.00**20.000~DTM*472*20230130~REF*6R*5479554~LX*51~CLP*6-55518*1*84.83*84.83**MC*2023109119969*12*1~NM1*QC*1*JONES*PENNY*L***MR*102788667899~DTM*232*20230411~DTM*233*20230411~DTM*050*20230419~SVC*HC:S5130:U7:UA*84.83*84.83**17.00**17.000~DTM*472*20230411~REF*6R*5730177~LX*52~CLP*6-55519*1*523.80*523.80**MC*2023109120013*12*1~NM1*QC*1*KENDALL*SHIRLEY*L***MR*101536127099~DTM*232*20230411~DTM*233*20230414~DTM*050*20230419~SVC*HC:S5125:U7:UA*523.80*523.80**90.00**90.000~DTM*150*20230411~DTM*151*20230414~REF*6R*5730178~LX*53~CLP*6-55520*1*186.24*186.24**MC*2023109120051*12*1~NM1*QC*1*KERN*JODY*R***MR*121093611699~DTM*232*20230411~DTM*233*20230413~DTM*050*20230419~SVC*HC:S5125:U7:UA*186.24*186.24**32.00**32.000~DTM*150*20230411~DTM*151*20230413~REF*6R*5730182~LX*54~CLP*6-55521*1*605.28*605.28**MC*2023109120080*12*1~NM1*QC*1*KEY*JANIS*L***MR*102093209999~DTM*232*20230410~DTM*233*20230414~DTM*050*20230419~SVC*HC:S5125:U7:UA*605.28*605.28**104.00**104.000~DTM*150*20230410~DTM*151*20230414~REF*6R*5730184~LX*55~CLP*6-55522*1*436.50*436.50**MC*2023109120121*12*1~NM1*QC*1*KING*ANITA*K***MR*100267422299~DTM*232*20230410~DTM*233*20230414~DTM*050*20230419~SVC*HC:S5125:U7:UA*436.50*436.50**75.00**75.000~DTM*150*20230410~DTM*151*20230414~REF*6R*5730188~LX*56~CLP*6-55523*1*360.84*360.84**MC*2023109120158*12*1~NM1*QC*1*KING*LARRY*E***MR*121075884199~DTM*232*20230411~DTM*233*20230414~DTM*050*20230419~SVC*HC:S5125:U7:UA*360.84*360.84**62.00**62.000~DTM*150*20230411~DTM*151*20230414~REF*6R*5730193~LX*57~CLP*6-55524*1*395.76*395.76**MC*2023109120171*12*1~NM1*QC*1*KING*MARSHA****MR*100823856899~DTM*232*20230410~DTM*233*20230414~DTM*050*20230419~SVC*HC:S5125:U7:UA*395.76*395.76**68.00**68.000~DTM*150*20230410~DTM*151*20230414~REF*6R*5730196~LX*58~CLP*6-55525*1*686.76*686.76**MC*2023109120185*12*1~NM1*QC*1*KNIGHT*BARBARA*J***MR*102554139099~DTM*232*20230410~DTM*233*20230414~DTM*050*20230419~SVC*HC:S5125:U7:UA*686.76*686.76**118.00**118.000~DTM*150*20230410~DTM*151*20230414~REF*6R*5730200~LX*59~CLP*6-50791*1*552.90*552.90**MC*2223107006386*12*1~NM1*QC*1*KNIGHT*MINDY*L***MR*100271840999~DTM*232*20221117~DTM*233*20221129~DTM*050*20230417~SVC*HC:S5125:U7:UA*291.00*291.00**50.00**50.000~DTM*472*20221117~REF*6R*5254571~SVC*HC:S5125:U7:UA*261.90*261.90**45.00**45.000~DTM*472*20221129~LX*60~CLP*6-55526*1*488.88*488.88**MC*2023109120214*12*1~NM1*QC*1*LAGLE*TIMMY*D***MR*100699131799~DTM*232*20230410~DTM*233*20230414~DTM*050*20230419~SVC*HC:S5125:U7:UA*488.88*488.88**84.00**84.000~DTM*150*20230410~DTM*151*20230414~REF*6R*5730206~LX*61~CLP*6-55527*1*203.71*203.71**MC*2023109120243*12*1~NM1*QC*1*LAWRENCE*DENISE*D***MR*106497143399~DTM*232*20230410~DTM*233*20230414~DTM*050*20230419~SVC*HC:S5125:U7:UA*168.78*168.78**29.00**29.000~DTM*150*20230410~DTM*151*20230413~REF*6R*5730212~SVC*HC:S5130:U7:UA*34.93*34.93**7.00**7.000~DTM*472*20230414~REF*6R*5730214~LX*62~CLP*6-55528*1*884.64*884.64**MC*2023109120268*12*1~NM1*QC*1*LEE*BARBARA*A***MR*120730603499~DTM*232*20230410~DTM*233*20230415~DTM*050*20230419~SVC*HC:S5125:U7:UA*884.64*884.64**152.00**152.000~DTM*150*20230410~DTM*151*20230415~REF*6R*5730215~LX*63~CLP*6-55529*1*122.22*122.22**MC*2023109120295*12*1~NM1*QC*1*LEWELLYN*BETTY*M***MR*102777345499~DTM*232*20230410~DTM*233*20230412~DTM*050*20230419~SVC*HC:S5125:U7:UA*122.22*122.22**21.00**21.000~DTM*150*20230410~DTM*151*20230412~REF*6R*5730220~LX*64~CLP*6-55531*1*733.32*733.32**MC*2023109120317*12*1~NM1*QC*1*LEWIS*COLEEN*C***MR*104861993499~DTM*232*20230410~DTM*233*20230414~DTM*050*20230419~SVC*HC:S5125:U7:UA*733.32*733.32**126.00**126.000~DTM*150*20230410~DTM*151*20230414~REF*6R*5730228~LX*65~CLP*6-55532*1*1152.36*1152.36**MC*2023109120403*12*1~NM1*QC*1*LIVINGSTON*CHARLES*D***MR*102093102699~DTM*232*20230410~DTM*233*20230415~DTM*050*20230419~SVC*HC:S5125:U7:UA*1152.36*1152.36**198.00**198.000~DTM*150*20230410~DTM*151*20230415~REF*6R*5730234~LX*66~CLP*6-55533*1*442.32*442.32**MC*2023109120436*12*1~NM1*QC*1*LOCKHART*DIANA*M***MR*101542073899~DTM*232*20230410~DTM*233*20230413~DTM*050*20230419~SVC*HC:S5125:U7:UA*442.32*442.32**76.00**76.000~DTM*150*20230410~DTM*151*20230413~REF*6R*5730241~LX*67~CLP*6-55534*1*808.20*808.20**MC*2023109120465*12*1~NM1*QC*1*LONG*CHARLES*M***MR*100292042799~DTM*232*20230409~DTM*233*20230415~DTM*050*20230419~SVC*HC:S5130:U7:UA*179.64*179.64**36.00**36.000~DTM*150*20230409~DTM*151*20230412~REF*6R*5730244~SVC*HC:S5125:U7:UA*628.56*628.56**108.00**108.000~DTM*150*20230411~DTM*151*20230415~REF*6R*5730246~LX*68~CLP*6-55535*1*465.60*465.60**MC*2023109120527*12*1~NM1*QC*1*LYNN*RHEA*D***MR*101265486799~DTM*232*20230410~DTM*233*20230414~DTM*050*20230419~SVC*HC:S5125:U7:UA*465.60*465.60**80.00**80.000~DTM*150*20230410~DTM*151*20230414~REF*6R*5730252~LX*69~CLP*6-55536*1*605.28*605.28**MC*2023109120556*12*1~NM1*QC*1*MAHAN*BEVERLY*K***MR*104923392599~DTM*232*20230410~DTM*233*20230414~DTM*050*20230419~SVC*HC:S5125:U7:UA*605.28*605.28**104.00**104.000~DTM*150*20230410~DTM*151*20230414~REF*6R*5730257~LX*70~CLP*6-55537*1*966.12*966.12**MC*2023109120578*12*1~NM1*QC*1*MARTIN*REX*A***MR*101205760899~DTM*232*20230410~DTM*233*20230415~DTM*050*20230419~SVC*HC:S5125:U7:UA*966.12*966.12**166.00**166.000~DTM*150*20230410~DTM*151*20230415~REF*6R*5730262~LX*71~CLP*6-55538*1*116.40*116.40**MC*2023109120609*12*1~NM1*QC*1*MEEHAN*PAUL*L***MR*103355471699~DTM*232*20230411~DTM*233*20230413~DTM*050*20230419~SVC*HC:S5125:U7:UA*116.40*116.40**20.00**20.000~DTM*150*20230411~DTM*151*20230413~REF*6R*5730268~LX*72~CLP*6-55539*1*634.38*634.38**MC*2023109120637*12*1~NM1*QC*1*MERRY*WILLIAM*K***MR*104082681899~DTM*232*20230409~DTM*233*20230415~DTM*050*20230419~SVC*HC:S5125:U7:UA*634.38*634.38**109.00**109.000~DTM*150*20230409~DTM*151*20230415~REF*6R*5730270~LX*73~CLP*6-55540*1*942.84*942.84**MC*2023109120655*12*1~NM1*QC*1*MILLARD*KAREN*L***MR*101616641399~DTM*232*20230409~DTM*233*20230415~DTM*050*20230419~SVC*HC:S5125:U7:UA*942.84*942.84**162.00**162.000~DTM*150*20230409~DTM*151*20230415~REF*6R*5730274~LX*74~CLP*6-55541*1*46.56*46.56**MC*2023109120675*12*1~NM1*QC*1*MILLER*DEBRA*K***MR*103192556199~DTM*232*20230412~DTM*233*20230412~DTM*050*20230419~SVC*HC:S5125:U7:UA*46.56*46.56**8.00**8.000~DTM*472*20230412~REF*6R*5730286~LX*75~CLP*6-55542*1*93.12*93.12**MC*2023109120701*12*1~NM1*QC*1*MILLER*DEENA*C***MR*100087920399~DTM*232*20230410~DTM*233*20230410~DTM*050*20230419~SVC*HC:S5125:U7:UA*93.12*93.12**16.00**16.000~DTM*472*20230410~REF*6R*5730287~LX*76~CLP*6-50806*1*215.34*215.34**MC*2223107006494*12*1~NM1*QC*1*MILLER*DEENA*C***MR*100087920399~DTM*232*20221109~DTM*233*20221130~DTM*050*20230417~SVC*HC:S5125:U7:UA*5.82*5.82**1.00**1.000~DTM*472*20221109~REF*6R*5254622~SVC*HC:S5125:U7:UA*75.66*75.66**13.00**13.000~DTM*472*20221129~SVC*HC:S5125:U7:UA*133.86*133.86**23.00**23.000~DTM*472*20221130~LX*77~CLP*6-55543*1*203.70*203.70**MC*2023109120718*12*1~NM1*QC*1*MOODY*SUSAN*R***MR*100032082899~DTM*232*20230415~DTM*233*20230415~DTM*050*20230419~SVC*HC:S5125:U7:UA*203.70*203.70**35.00**35.000~DTM*472*20230415~REF*6R*5730288~LX*78~CLP*6-55544*1*1117.44*1117.44**MC*2023109120734*12*1~NM1*QC*1*MOODY*VICTORYA*E***MR*104813231899~DTM*232*20230410~DTM*233*20230415~DTM*050*20230419~SVC*HC:S5125:U7:UA*1117.44*1117.44**192.00**192.000~DTM*150*20230410~DTM*151*20230415~REF*6R*5730289~LX*79~CLP*6-55545*1*1602.22*1602.22**MC*2023109120756*12*1~NM1*QC*1*MOON*SHERRY*F***MR*100336331299~DTM*232*20230409~DTM*233*20230415~DTM*050*20230419~SVC*HC:S5125:U7:UA*1402.62*1402.62**241.00**241.000~DTM*150*20230409~DTM*151*20230414~REF*6R*5730295~SVC*HC:S5130:U7:UA*199.60*199.60**40.00**40.000~DTM*472*20230415~REF*6R*5730302~LX*80~CLP*6-55546*1*93.12*93.12**MC*2023109120778*12*1~NM1*QC*1*MUNDY*SHARON*D***MR*101936264799~DTM*232*20230413~DTM*233*20230413~DTM*050*20230419~SVC*HC:S5125:U7:UA*93.12*93.12**16.00**16.000~DTM*472*20230413~REF*6R*5730303~LX*81~CLP*6-55547*1*139.68*139.68**MC*2023109120795*12*1~NM1*QC*1*MYERS*JUDITH*K***MR*102612113599~DTM*232*20230410~DTM*233*20230413~DTM*050*20230419~SVC*HC:S5125:U7:UA*139.68*139.68**24.00**24.000~DTM*150*20230410~DTM*151*20230413~REF*6R*5730304~LX*82~CLP*6-55548*1*273.54*273.54**MC*2023109120828*12*1~NM1*QC*1*NELSON*LOIS*M***MR*101322429899~DTM*232*20230410~DTM*233*20230415~DTM*050*20230419~SVC*HC:S5125:U7:UA*273.54*273.54**47.00**47.000~DTM*150*20230410~DTM*151*20230415~REF*6R*5730307~LX*83~CLP*6-55549*1*902.10*902.10**MC*2023109120842*12*1~NM1*QC*1*NELSON*SHEILA*A***MR*101411105699~DTM*232*20230410~DTM*233*20230415~DTM*050*20230419~SVC*HC:S5125:U7:UA*902.10*902.10**155.00**155.000~DTM*150*20230410~DTM*151*20230415~REF*6R*5730310~LX*84~CLP*6-55550*1*1395.25*1395.25**MC*2023109120866*12*1~NM1*QC*1*PATE*ROBERT*A***MR*100866168699~DTM*232*20230410~DTM*233*20230415~DTM*050*20230419~SVC*HC:S5125:U7:UA*1001.04*1001.04**172.00**172.000~DTM*150*20230410~DTM*151*20230415~REF*6R*5730316~SVC*HC:S5130:U7:UA*394.21*394.21**79.00**79.000~DTM*150*20230410~DTM*151*20230415~REF*6R*5730317~LX*85~CLP*6-55551*1*360.84*360.84**MC*2023109120901*12*1~NM1*QC*1*PAYTON*JUDITH*M***MR*100369429499~DTM*232*20230410~DTM*233*20230415~DTM*050*20230419~SVC*HC:S5125:U7:UA*360.84*360.84**62.00**62.000~DTM*150*20230410~DTM*151*20230415~REF*6R*5730328~LX*86~CLP*6-55552*1*203.70*203.70**MC*2023109120922*12*1~NM1*QC*1*PFLEIDER*JESSELYN*D***MR*101276366899~DTM*232*20230410~DTM*233*20230414~DTM*050*20230419~SVC*HC:S5125:U7:UA*203.70*203.70**35.00**35.000~DTM*150*20230410~DTM*151*20230414~REF*6R*5730336~LX*87~CLP*6-55553*1*500.52*500.52**MC*2023109120932*12*1~NM1*QC*1*PHILLIPS*MARY*J***MR*105592998699~DTM*232*20230410~DTM*233*20230414~DTM*050*20230419~SVC*HC:S5125:U7:UA*500.52*500.52**86.00**86.000~DTM*150*20230410~DTM*151*20230414~REF*6R*5730340~LX*88~CLP*6-55554*1*593.64*593.64**MC*2023109120941*12*1~NM1*QC*1*PHILLIPS*ROGER*L***MR*103079246799~DTM*232*20230411~DTM*233*20230414~DTM*050*20230419~SVC*HC:S5125:U7:UA*593.64*593.64**102.00**102.000~DTM*150*20230411~DTM*151*20230414~REF*6R*5730343~LX*89~CLP*6-55555*1*302.64*302.64**MC*2023109120951*12*1~NM1*QC*1*PRINCE*DEWARD****MR*100732304999~DTM*232*20230410~DTM*233*20230414~DTM*050*20230419~SVC*HC:S5125:U7:UA*302.64*302.64**52.00**52.000~DTM*150*20230410~DTM*151*20230414~REF*6R*5730346~LX*90~CLP*6-55556*1*838.08*838.08**MC*2023109120964*12*1~NM1*QC*1*PRUETT*BRIAN*S***MR*101465249799~DTM*232*20230409~DTM*233*20230415~DTM*050*20230419~SVC*HC:S5125:U7:UA*838.08*838.08**144.00**144.000~DTM*150*20230409~DTM*151*20230415~REF*6R*5730351~LX*91~CLP*6-55557*1*681.80*681.80**MC*2023109120970*12*1~NM1*QC*1*PULIDO*MARCIA*J***MR*100387341999~DTM*232*20230410~DTM*233*20230415~DTM*050*20230419~SVC*HC:S5125:U7:UA*582.00*582.00**100.00**100.000~DTM*150*20230410~DTM*151*20230415~REF*6R*5730359~SVC*HC:S5130:U7:UA*99.80*99.80**20.00**20.000~DTM*150*20230410~DTM*151*20230415~REF*6R*5730358~LX*92~CLP*6-55558*1*64.02*64.02**MC*2023109120979*12*1~NM1*QC*1*RATLIFF*DANIEL*A***MR*100392050999~DTM*232*20230410~DTM*233*20230410~DTM*050*20230419~SVC*HC:S5125:U7:UA*64.02*64.02**11.00**11.000~DTM*472*20230410~REF*6R*5730368~LX*93~CLP*6-55559*1*710.04*710.04**MC*2023109120984*12*1~NM1*QC*1*RIFE*ELLEN*L***MR*103272903899~DTM*232*20230410~DTM*233*20230414~DTM*050*20230419~SVC*HC:S5125:U7:UA*710.04*710.04**122.00**122.000~DTM*150*20230410~DTM*151*20230414~REF*6R*5730369~LX*94~CLP*6-55560*1*349.20*349.20**MC*2023109120989*12*1~NM1*QC*1*ROSE*MONOLEA****MR*121131599799~DTM*232*20230411~DTM*233*20230414~DTM*050*20230419~SVC*HC:S5125:U7:UA*349.20*349.20**60.00**60.000~DTM*150*20230411~DTM*151*20230414~REF*6R*5730376~LX*95~CLP*6-55561*1*1012.68*1012.68**MC*2023109120992*12*1~NM1*QC*1*SALMON*JOHNNI*A***MR*101612802599~DTM*232*20230410~DTM*233*20230414~DTM*050*20230419~SVC*HC:S5125:U7:UA*1012.68*1012.68**174.00**174.000~DTM*150*20230410~DTM*151*20230414~REF*6R*5730379~LX*96~CLP*6-55562*1*1367.70*1367.70**MC*2023109120998*12*1~NM1*QC*1*SCOTT*KIMBERLY*A***MR*100426733099~DTM*232*20230409~DTM*233*20230415~DTM*050*20230419~SVC*HC:S5125:U7:UA*1367.70*1367.70**235.00**235.000~DTM*150*20230409~DTM*151*20230415~REF*6R*5730384~LX*97~CLP*6-55563*1*419.04*419.04**MC*2023109121005*12*1~NM1*QC*1*SEARLE*PAUL*E***MR*104994141099~DTM*232*20230410~DTM*233*20230415~DTM*050*20230419~SVC*HC:S5125:U7:UA*419.04*419.04**72.00**72.000~DTM*150*20230410~DTM*151*20230415~REF*6R*5730395~LX*98~CLP*6-55564*1*1222.20*1222.20**MC*2023109121009*12*1~NM1*QC*1*SELF*POK*S***MR*100429138999~DTM*232*20230410~DTM*233*20230414~DTM*050*20230419~SVC*HC:S5125:U7:UA*1222.20*1222.20**210.00**210.000~DTM*150*20230410~DTM*151*20230414~REF*6R*5730400~LX*99~CLP*6-55565*1*1267.16*1267.16**MC*2023109121014*12*1~NM1*QC*1*SILVERTHORN*STEVEN*K***MR*100437998699~DTM*232*20230409~DTM*233*20230415~DTM*050*20230419~SVC*HC:S5125:U7:UA*1047.60*1047.60**180.00**180.000~DTM*150*20230409~DTM*151*20230415~REF*6R*5730405~SVC*HC:S5130:U7:UA*219.56*219.56**44.00**44.000~DTM*150*20230412~DTM*151*20230413~REF*6R*5730408~LX*100~CLP*6-55566*1*221.16*221.16**MC*2023109121027*12*1~NM1*QC*1*SIMS*KATHERYN****MR*103137040499~DTM*232*20230410~DTM*233*20230412~DTM*050*20230419~SVC*HC:S5125:U7:UA*221.16*221.16**38.00**38.000~DTM*150*20230410~DTM*151*20230412~REF*6R*5730412~LX*101~CLP*6-55567*1*46.56*46.56**MC*2023109121029*12*1~NM1*QC*1*SMALE*MARY*A***MR*121090858699~DTM*232*20230414~DTM*233*20230414~DTM*050*20230419~SVC*HC:S5125:U7:UA*46.56*46.56**8.00**8.000~DTM*472*20230414~REF*6R*5730414~LX*102~CLP*6-55568*1*759.17*759.17**MC*2023109121032*12*1~NM1*QC*1*SMITH*ESTHER*M***MR*100124532199~DTM*232*20230410~DTM*233*20230415~DTM*050*20230419~SVC*HC:S5125:U7:UA*494.70*494.70**85.00**85.000~DTM*150*20230410~DTM*151*20230414~REF*6R*5730415~SVC*HC:S5130:U7:UA*264.47*264.47**53.00**53.000~DTM*150*20230411~DTM*151*20230415~REF*6R*5730417~LX*103~CLP*6-55569*1*244.44*244.44**MC*2023109121038*12*1~NM1*QC*1*SPEER*HELEN*L***MR*100753173299~DTM*232*20230412~DTM*233*20230415~DTM*050*20230419~SVC*HC:S5125:U7:UA*244.44*244.44**42.00**42.000~DTM*150*20230412~DTM*151*20230415~REF*6R*5730421~LX*104~CLP*6-55570*1*145.50*145.50**MC*2023109121041*12*1~NM1*QC*1*SPEER*WILLIAM*H***MR*100753188099~DTM*232*20230412~DTM*233*20230415~DTM*050*20230419~SVC*HC:S5125:U7:UA*145.50*145.50**25.00**25.000~DTM*150*20230412~DTM*151*20230415~REF*6R*5730424~LX*105~CLP*6-55571*1*942.84*942.84**MC*2023109121045*12*1~NM1*QC*1*ST CLAIR*MARGUERITE*A***MR*100400062499~DTM*232*20230410~DTM*233*20230414~DTM*050*20230419~SVC*HC:S5125:U7:UA*942.84*942.84**162.00**162.000~DTM*150*20230410~DTM*151*20230414~REF*6R*5730428~LX*106~CLP*6-55573*1*273.54*273.54**MC*2023109121051*12*1~NM1*QC*1*STENDER*DENISE*C***MR*106150942699~DTM*232*20230410~DTM*233*20230414~DTM*050*20230419~SVC*HC:S5125:U7:UA*273.54*273.54**47.00**47.000~DTM*150*20230410~DTM*151*20230414~REF*6R*5730438~LX*107~CLP*6-55574*1*488.88*488.88**MC*2023109121054*12*1~NM1*QC*1*STIDHAM*MARY*E***MR*104652815299~DTM*232*20230410~DTM*233*20230414~DTM*050*20230419~SVC*HC:S5125:U7:UA*488.88*488.88**84.00**84.000~DTM*150*20230410~DTM*151*20230414~REF*6R*5730442~LX*108~CLP*6-55575*1*878.82*878.82**MC*2023109121057*12*1~NM1*QC*1*STRALEY*DELORES*H***MR*100756667099~DTM*232*20230410~DTM*233*20230415~DTM*050*20230419~SVC*HC:S5125:U7:UA*878.82*878.82**151.00**151.000~DTM*150*20230410~DTM*151*20230415~REF*6R*5730445~LX*109~CLP*6-55576*1*1187.28*1187.28**MC*2023109121062*12*1~NM1*QC*1*SUMMITT*JULIA*A***MR*105568587799~DTM*232*20230410~DTM*233*20230415~DTM*050*20230419~SVC*HC:S5125:U7:UA*1187.28*1187.28**204.00**204.000~DTM*150*20230410~DTM*151*20230415~REF*6R*5730452~LX*110~CLP*6-55577*1*465.60*465.60**MC*2023109121064*12*1~NM1*QC*1*SYKES HIER*BRENDA*J***MR*100681205999~DTM*232*20230410~DTM*233*20230414~DTM*050*20230419~SVC*HC:S5125:U7:UA*465.60*465.60**80.00**80.000~DTM*150*20230410~DTM*151*20230414~REF*6R*5730464~LX*111~CLP*6-55579*1*349.20*349.20**MC*2023109121069*12*1~NM1*QC*1*THOMSEN*DEANNA*J***MR*100344988999~DTM*232*20230410~DTM*233*20230414~DTM*050*20230419~SVC*HC:S5125:U7:UA*349.20*349.20**60.00**60.000~DTM*150*20230410~DTM*151*20230414~REF*6R*5730475~LX*112~CLP*6-55580*1*360.84*360.84**MC*2023109121071*12*1~NM1*QC*1*TIBBS*MARGIE*P***MR*101810908099~DTM*232*20230410~DTM*233*20230414~DTM*050*20230419~SVC*HC:S5125:U7:UA*360.84*360.84**62.00**62.000~DTM*150*20230410~DTM*151*20230414~REF*6R*5730480~LX*113~CLP*6-55581*1*52.38*52.38**MC*2023109121075*12*1~NM1*QC*1*TILLETT*NANCY*J***MR*104735914499~DTM*232*20230410~DTM*233*20230410~DTM*050*20230419~SVC*HC:S5125:U7:UA*52.38*52.38**9.00**9.000~DTM*472*20230410~REF*6R*5730485~LX*114~CLP*6-55582*1*209.52*209.52**MC*2023109121078*12*1~NM1*QC*1*TOLIVER*MELINDA****MR*103194701199~DTM*232*20230410~DTM*233*20230414~DTM*050*20230419~SVC*HC:S5125:U7:UA*209.52*209.52**36.00**36.000~DTM*150*20230410~DTM*151*20230414~REF*6R*5730486~LX*115~CLP*6-55583*1*1086.70*1086.70**MC*2023109121082*12*1~NM1*QC*1*TURNER*ELIZABETH*A***MR*100113827899~DTM*232*20230409~DTM*233*20230415~DTM*050*20230419~SVC*HC:S5125:U7:UA*1006.86*1006.86**173.00**173.000~DTM*150*20230409~DTM*151*20230415~REF*6R*5730489~SVC*HC:S5130:U7:UA*79.84*79.84**16.00**16.000~DTM*472*20230414~REF*6R*5730495~LX*116~CLP*6-55584*1*1143.26*1143.26**MC*2023109121084*12*1~NM1*QC*1*TURNER*JERAMY*D***MR*105830500299~DTM*232*20230409~DTM*233*20230415~DTM*050*20230419~SVC*HC:S5125:U7:UA*983.58*983.58**169.00**169.000~DTM*150*20230409~DTM*151*20230415~REF*6R*5730498~SVC*HC:S5130:U7:UA*159.68*159.68**32.00**32.000~DTM*472*20230414~REF*6R*5730503~LX*117~CLP*6-55585*1*1262.94*1262.94**MC*2023109121090*12*1~NM1*QC*1*UNDERHILL*DAVID*W***MR*101983086699~DTM*232*20230409~DTM*233*20230415~DTM*050*20230419~SVC*HC:S5125:U7:UA*1262.94*1262.94**217.00**217.000~DTM*150*20230409~DTM*151*20230415~REF*6R*5730505~LX*118~CLP*6-55586*1*686.76*686.76**MC*2023109121092*12*1~NM1*QC*1*WAGGONER*BRITTANY*N***MR*101597720899~DTM*232*20230410~DTM*233*20230414~DTM*050*20230419~SVC*HC:S5125:U7:UA*686.76*686.76**118.00**118.000~DTM*150*20230410~DTM*151*20230414~REF*6R*5730514~LX*119~CLP*6-55587*1*291.00*291.00**MC*2023109121095*12*1~NM1*QC*1*WALLS*RONALD*K***MR*100505270799~DTM*232*20230410~DTM*233*20230413~DTM*050*20230419~SVC*HC:S5125:U7:UA*291.00*291.00**50.00**50.000~DTM*150*20230410~DTM*151*20230413~REF*6R*5730519~LX*120~CLP*6-55589*1*820.62*820.62**MC*2023109121102*12*1~NM1*QC*1*WEAVER*KIM*A***MR*100511622199~DTM*232*20230409~DTM*233*20230415~DTM*050*20230419~SVC*HC:S5125:U7:UA*820.62*820.62**141.00**141.000~DTM*150*20230409~DTM*151*20230415~REF*6R*5730528~LX*121~CLP*6-55590*1*565.40*565.40**MC*2023109121105*12*1~NM1*QC*1*WESSELL*GRETA*G***MR*100577925999~DTM*232*20230410~DTM*233*20230414~DTM*050*20230419~SVC*HC:S5125:U7:UA*465.60*465.60**80.00**80.000~DTM*150*20230410~DTM*151*20230414~REF*6R*5730536~SVC*HC:S5130:U7:UA*99.80*99.80**20.00**20.000~DTM*150*20230410~DTM*151*20230414~REF*6R*5730537~LX*122~CLP*6-55591*1*395.76*395.76**MC*2023109121107*12*1~NM1*QC*1*WILCOXEN*ETHEL****MR*100773365099~DTM*232*20230410~DTM*233*20230415~DTM*050*20230419~SVC*HC:S5125:U7:UA*395.76*395.76**68.00**68.000~DTM*150*20230410~DTM*151*20230415~REF*6R*5730546~LX*123~CLP*6-55592*1*718.40*718.40**MC*2023109121110*12*1~NM1*QC*1*WILLIAMS*PAIGE*A***MR*101947109199~DTM*232*20230411~DTM*233*20230414~DTM*050*20230419~SVC*HC:S5125:U7:UA*558.72*558.72**96.00**96.000~DTM*150*20230411~DTM*151*20230414~REF*6R*5730551~SVC*HC:S5130:U7:UA*159.68*159.68**32.00**32.000~DTM*150*20230411~DTM*151*20230414~REF*6R*5730552~LX*124~CLP*6-55593*1*961.97*961.97**MC*2023109121114*12*1~NM1*QC*1*WORKMAN*MICHAEL*J***MR*120345517399~DTM*232*20230409~DTM*233*20230415~DTM*050*20230419~SVC*HC:S5130:U7:UA*24.95*24.95**5.00**5.000~DTM*472*20230409~REF*6R*5730563~SVC*HC:S5125:U7:UA*937.02*937.02**161.00**161.000~DTM*150*20230409~DTM*151*20230415~REF*6R*5730559~LX*125~CLP*6-55500*4*675.12*0.00**MC*2023109119332*12*1~CAS*CO*31*675.12~NM1*QC*1*GARRISON*CLAYTON****MR*121230454499~DTM*232*20230409~DTM*233*20230415~DTM*050*20230419~LX*126~CLP*6-55501*4*1014.40*0.00**MC*2023109119335*12*1~CAS*CO*31*1014.40~NM1*QC*1*GODSEY*WILMA****MR*102799222949~DTM*232*20230410~DTM*233*20230414~DTM*050*20230419~LX*127~CLP*6-55512*4*511.34*0.00**MC*2023109119787*12*1~CAS*CO*31*511.34~NM1*QC*1*HIGHLEY*KIMBERLY****MR*1005814599~DTM*232*20230410~DTM*233*20230414~DTM*050*20230419~LX*128~CLP*6-55530*4*598.68*0.00**MC*2023109120314*12*1~CAS*CO*31*598.68~NM1*QC*1*LEWELLYN*LINDA****MR*SSBG~DTM*232*20230410~DTM*233*20230414~DTM*050*20230419~LX*129~CLP*6-55588*4*937.02*0.00**MC*2023109121101*12*1~CAS*CO*31*937.02~NM1*QC*1*WARD*ROBERT****MR*103914131199~DTM*232*20230410~DTM*233*20230414~DTM*050*20230419~LX*130~CLP*6-55471*4*884.64*0.00**MC*2023109117873*12*1~NM1*QC*1*BAKER*DENNIS*D***MR*104228985899~DTM*232*20230409~DTM*233*20230415~DTM*050*20230419~SVC*HC:S5125:U7:UA*884.64*0.00**0.00**152.000~DTM*150*20230409~DTM*151*20230415~CAS*CO*96*884.64~REF*6R*5729920~LQ*HE*N30~LQ*HE*N519~LQ*HE*N130~LX*131~CLP*6-49012*4*1420.08*0.00**MC*2223108002495*12*1~NM1*QC*1*GARRISON*CLAYTON****MR*121230454599~DTM*232*20221009~DTM*233*20221015~DTM*050*20230418~SVC*HC:S5125:U7:UA*372.48*0.00**0.00**64.000~DTM*472*20221009~CAS*CO*29*372.48~LQ*HE*N706~SVC*HC:S5125:U7:UA*139.68*0.00**0.00**24.000~DTM*472*20221010~CAS*CO*29*139.68~LQ*HE*N706~SVC*HC:S5125:U7:UA*139.68*0.00**0.00**24.000~DTM*472*20221011~CAS*CO*29*139.68~LQ*HE*N706~SVC*HC:S5125:U7:UA*139.68*0.00**0.00**139.680~DTM*472*20221012~CAS*CO*29*139.68~LQ*HE*N706~SVC*HC:S5125:U7:UA*139.68*0.00**0.00**24.000~DTM*472*20221013~CAS*CO*29*139.68~LQ*HE*N706~SVC*HC:S5125:U7:UA*116.40*0.00**0.00**20.000~DTM*472*20221014~CAS*CO*29*116.40~LQ*HE*N706~SVC*HC:S5125:U7:UA*372.48*0.00**0.00**64.000~DTM*472*20221015~CAS*CO*29*372.48~LQ*HE*N706~LX*132~CLP*6-55572*4*1012.68*0.00**MC*2023109121050*12*1~NM1*QC*1*STAGGS*JAMES*B***MR*102979139799~DTM*232*20230410~DTM*233*20230414~DTM*050*20230419~SVC*HC:S5125:U7:UA*1012.68*0.00**0.00**174.000~DTM*150*20230410~DTM*151*20230414~CAS*CO*96*1012.68~REF*6R*5730433~LQ*HE*N30~LQ*HE*N519~LQ*HE*N130~SE*1429*0001~ST*835*0002~BPR*I*85629.30*C*ACH*CCP*01*044115126*DA*044115126*1271510177**01*083000137*DA*472164123*20230426~TRN*1*907404012*1271510177~REF*EV*R824~DTM*405*20230421~N1*PR*Gainwell Technologies LLC~N3*950 North Meridian Street*Suite 1150~N4*Indianapolis*IN*46204~PER*CX*Gainwell Technologies LLC (GWT)*TE*8004574584~PER*BL*Gainwell Technologies LLC (GWT)*TE*8004574584~N1*PE*ADAPTIVE COMPANION CARE SERVICES LLC*FI*453778801~N3*50 WASHINGTON ST~N4*COLUMBUS*IN*47201~LX*1~CLP*2-50415*1*46.56*46.56**MC*2223107006601*12*1~NM1*QC*1*ADAMS*DANNY****MR*100001685599~DTM*232*20221129~DTM*233*20221129~DTM*050*20230417~SVC*HC:S5125:U7:UA*46.56*46.56**8.00**8.000~DTM*472*20221129~REF*6R*5176711~LX*2~CLP*2-50135*1*162.96*162.96**MC*2223107006608*12*1~NM1*QC*1*ADAMS*DANNY****MR*100001685599~DTM*232*20221115~DTM*233*20221117~DTM*050*20230417~SVC*HC:S5125:U7:UA*87.30*87.30**15.00**15.000~DTM*472*20221115~REF*6R*5176711~SVC*HC:S5125:U7:UA*75.66*75.66**13.00**13.000~DTM*472*20221117~LX*3~CLP*2-49848*1*52.38*52.38**MC*2223107006611*12*1~NM1*QC*1*ADAMS*DANNY****MR*100001685599~DTM*232*20221101~DTM*233*20221101~DTM*050*20230417~SVC*HC:S5125:U7:UA*52.38*52.38**9.00**9.000~DTM*472*20221101~REF*6R*5176711~LX*4~CLP*2-49849*1*320.10*320.10**MC*2023107044897*12*1~NM1*QC*1*ARMSTRONG*THERESA*K***MR*100615850399~DTM*232*20221101~DTM*233*20221105~DTM*050*20230417~SVC*HC:S5125:U7:UA*320.10*320.10**55.00**55.000~DTM*150*20221101~DTM*151*20221105~REF*6R*5155731~LX*5~CLP*2-50416*1*157.14*157.14**MC*2023107044906*12*1~NM1*QC*1*ARMSTRONG*THERESA*K***MR*100615850399~DTM*232*20221128~DTM*233*20221130~DTM*050*20230417~SVC*HC:S5125:U7:UA*157.14*157.14**27.00**27.000~DTM*150*20221128~DTM*151*20221130~REF*6R*5254754~LX*6~CLP*2-50136*1*192.06*192.06**MC*2023107044907*12*1~NM1*QC*1*ARMSTRONG*THERESA*K***MR*100615850399~DTM*232*20221114~DTM*233*20221119~DTM*050*20230417~SVC*HC:S5125:U7:UA*192.06*192.06**33.00**33.000~DTM*150*20221114~DTM*151*20221119~REF*6R*5204328~LX*7~CLP*2-53576*1*529.62*529.62**MC*2023109118389*12*1~NM1*QC*1*ARMSTRONG*THERESA*K***MR*100615850399~DTM*232*20230409~DTM*233*20230415~DTM*050*20230419~SVC*HC:S5125:U7:UA*529.62*529.62**91.00**91.000~DTM*150*20230409~DTM*151*20230415~REF*6R*5735171~LX*8~CLP*2-49850*1*733.32*733.32**MC*2023107044921*12*1~NM1*QC*1*BAURLE*LISA*M***MR*102418248599~DTM*232*20221101~DTM*233*20221105~DTM*050*20230417~SVC*HC:S5125:U7:UA*733.32*733.32**126.00**126.000~DTM*150*20221101~DTM*151*20221105~REF*6R*5155734~LX*9~CLP*2-50417*1*395.76*395.76**MC*2023107044931*12*1~NM1*QC*1*BAURLE*LISA*M***MR*102418248599~DTM*232*20221128~DTM*233*20221130~DTM*050*20230417~SVC*HC:S5125:U7:UA*395.76*395.76**68.00**68.000~DTM*150*20221128~DTM*151*20221130~REF*6R*5254756~LX*10~CLP*2-50137*1*698.40*698.40**MC*2023107044994*12*1~NM1*QC*1*BAURLE*LISA*M***MR*102418248599~DTM*232*20221114~DTM*233*20221118~DTM*050*20230417~SVC*HC:S5125:U7:UA*698.40*698.40**120.00**120.000~DTM*150*20221114~DTM*151*20221118~REF*6R*5204331~LX*11~CLP*2-53577*1*727.50*727.50**MC*2023109118461*12*1~NM1*QC*1*BAURLE*LISA*M***MR*102418248599~DTM*232*20230410~DTM*233*20230415~DTM*050*20230419~SVC*HC:S5125:U7:UA*727.50*727.50**125.00**125.000~DTM*150*20230410~DTM*151*20230415~REF*6R*5735175~LX*12~CLP*2-49851*1*250.26*250.26**MC*2023107044937*12*1~NM1*QC*1*BLEWETT*BARBARA*S***MR*101262574399~DTM*232*20221101~DTM*233*20221104~DTM*050*20230417~SVC*HC:S5125:U7:UA*250.26*250.26**43.00**43.000~DTM*150*20221101~DTM*151*20221104~REF*6R*5155739~LX*13~CLP*2-50418*1*174.60*174.60**MC*2023107044948*12*1~NM1*QC*1*BLEWETT*BARBARA*S***MR*101262574399~DTM*232*20221128~DTM*233*20221130~DTM*050*20230417~SVC*HC:S5125:U7:UA*174.60*174.60**30.00**30.000~DTM*150*20221128~DTM*151*20221130~REF*6R*5254759~LX*14~CLP*2-50138*1*314.28*314.28**MC*2023107044998*12*1~NM1*QC*1*BLEWETT*BARBARA*S***MR*101262574399~DTM*232*20221114~DTM*233*20221117~DTM*050*20230417~SVC*HC:S5125:U7:UA*314.28*314.28**54.00**54.000~DTM*150*20221114~DTM*151*20221117~REF*6R*5204336~LX*15~CLP*2-53578*1*349.20*349.20**MC*2023109118583*12*1~NM1*QC*1*BLEWETT*BARBARA*S***MR*101262574399~DTM*232*20230410~DTM*233*20230415~DTM*050*20230419~SVC*HC:S5125:U7:UA*349.20*349.20**60.00**60.000~DTM*150*20230410~DTM*151*20230415~REF*6R*5735186~LX*16~CLP*2-49852*1*151.32*151.32**MC*2023107044952*12*1~NM1*QC*1*BURKE*PENNY*S***MR*100122327899~DTM*232*20221101~DTM*233*20221104~DTM*050*20230417~SVC*HC:S5125:U7:UA*151.32*151.32**26.00**26.000~DTM*150*20221101~DTM*151*20221104~REF*6R*5155745~LX*17~CLP*2-50419*1*122.22*122.22**MC*2023107044959*12*1~NM1*QC*1*BURKE*PENNY*S***MR*100122327899~DTM*232*20221128~DTM*233*20221129~DTM*050*20230417~SVC*HC:S5125:U7:UA*122.22*122.22**21.00**21.000~DTM*150*20221128~DTM*151*20221129~REF*6R*5254762~LX*18~CLP*2-50139*1*250.26*250.26**MC*2023107045006*12*1~NM1*QC*1*BURKE*PENNY*S***MR*100122327899~DTM*232*20221114~DTM*233*20221118~DTM*050*20230417~SVC*HC:S5125:U7:UA*250.26*250.26**43.00**43.000~DTM*150*20221114~DTM*151*20221118~REF*6R*5204340~LX*19~CLP*2-53579*1*261.90*261.90**MC*2023109118651*12*1~NM1*QC*1*BURKE*PENNY*S***MR*100122327899~DTM*232*20230410~DTM*233*20230414~DTM*050*20230419~SVC*HC:S5125:U7:UA*261.90*261.90**45.00**45.000~DTM*150*20230410~DTM*151*20230414~REF*6R*5735192~LX*20~CLP*2-49853*1*535.44*535.44**MC*2023107044984*12*1~NM1*QC*1*CARNEY*BARBARA*K***MR*102368472199~DTM*232*20221101~DTM*233*20221105~DTM*050*20230417~SVC*HC:S5125:U7:UA*535.44*535.44**92.00**92.000~DTM*150*20221101~DTM*151*20221105~REF*6R*5155748~LX*21~CLP*2-50420*1*442.32*442.32**MC*2023107044988*12*1~NM1*QC*1*CARNEY*BARBARA*K***MR*102368472199~DTM*232*20221127~DTM*233*20221130~DTM*050*20230417~SVC*HC:S5125:U7:UA*442.32*442.32**76.00**76.000~DTM*150*20221127~DTM*151*20221130~REF*6R*5254764~LQ*HE*M53~LX*22~CLP*2-50140*1*605.28*605.28**MC*2023107045016*12*1~NM1*QC*1*CARNEY*BARBARA*K***MR*102368472199~DTM*232*20221113~DTM*233*20221119~DTM*050*20230417~SVC*HC:S5125:U7:UA*605.28*605.28**104.00**104.000~DTM*150*20221113~DTM*151*20221119~REF*6R*5204344~LX*23~CLP*2-53581*1*768.24*768.24**MC*2023109118742*12*1~NM1*QC*1*CARNEY*BARBARA*K***MR*102368472199~DTM*232*20230409~DTM*233*20230415~DTM*050*20230419~SVC*HC:S5125:U7:UA*768.24*768.24**132.00**132.000~DTM*150*20230409~DTM*151*20230415~REF*6R*5735197~LX*24~CLP*2-49854*1*267.72*267.72**MC*2023107044997*12*1~NM1*QC*1*CHAMBERS*BARBARA*J***MR*105226991599~DTM*232*20221101~DTM*233*20221103~DTM*050*20230417~SVC*HC:S5125:U7:UA*267.72*267.72**46.00**46.000~DTM*150*20221101~DTM*151*20221103~REF*6R*5155754~LQ*HE*N473~LX*25~CLP*2-50421*1*267.72*267.72**MC*2023107045008*12*1~NM1*QC*1*CHAMBERS*BARBARA*J***MR*105226991599~DTM*232*20221128~DTM*233*20221130~DTM*050*20230417~SVC*HC:S5125:U7:UA*267.72*267.72**46.00**46.000~DTM*150*20221128~DTM*151*20221130~REF*6R*5254768~LX*26~CLP*2-50141*1*378.30*378.30**MC*2023107045024*12*1~NM1*QC*1*CHAMBERS*BARBARA*J***MR*105226991599~DTM*232*20221114~DTM*233*20221117~DTM*050*20230417~SVC*HC:S5125:U7:UA*378.30*378.30**65.00**65.000~DTM*150*20221114~DTM*151*20221117~REF*6R*5204350~LX*27~CLP*2-49856*1*325.92*325.92**MC*2023107045014*12*1~NM1*QC*1*COLEE*JANICE*F***MR*104636693499~DTM*232*20221101~DTM*233*20221104~DTM*050*20230417~SVC*HC:S5125:U7:UA*325.92*325.92**56.00**56.000~DTM*150*20221101~DTM*151*20221104~REF*6R*5155758~LX*28~CLP*2-50422*1*69.84*69.84**MC*2023107045023*12*1~NM1*QC*1*COLEE*JANICE*F***MR*104636693499~DTM*232*20221130~DTM*233*20221130~DTM*050*20230417~SVC*HC:S5125:U7:UA*69.84*69.84**12.00**12.000~DTM*472*20221130~REF*6R*5254771~LX*29~CLP*2-50142*1*401.58*401.58**MC*2023107045029*12*1~NM1*QC*1*COLEE*JANICE*F***MR*104636693499~DTM*232*20221114~DTM*233*20221118~DTM*050*20230417~SVC*HC:S5125:U7:UA*401.58*401.58**69.00**69.000~DTM*150*20221114~DTM*151*20221118~REF*6R*5204354~LX*30~CLP*2-49857*1*744.96*744.96**MC*2023107045026*12*1~NM1*QC*1*COVINGTON*VICTORIA*J***MR*101662191299~DTM*232*20221101~DTM*233*20221105~DTM*050*20230417~SVC*HC:S5125:U7:UA*744.96*744.96**128.00**128.000~DTM*150*20221101~DTM*151*20221105~REF*6R*5155762~LX*31~CLP*2-50423*1*453.96*453.96**MC*2023107045032*12*1~NM1*QC*1*COVINGTON*VICTORIA*J***MR*101662191299~DTM*232*20221127~DTM*233*20221130~DTM*050*20230417~SVC*HC:S5125:U7:UA*453.96*453.96**78.00**78.000~DTM*150*20221127~DTM*151*20221130~REF*6R*5254772~LX*32~CLP*2-50143*1*896.28*896.28**MC*2023107045036*12*1~NM1*QC*1*COVINGTON*VICTORIA*J***MR*101662191299~DTM*232*20221113~DTM*233*20221119~DTM*050*20230417~SVC*HC:S5125:U7:UA*896.28*896.28**154.00**154.000~DTM*150*20221113~DTM*151*20221119~REF*6R*5204359~LX*33~CLP*2-53582*1*849.72*849.72**MC*2023109118791*12*1~NM1*QC*1*COVINGTON*VICTORIA*J***MR*101662191299~DTM*232*20230409~DTM*233*20230415~DTM*050*20230419~SVC*HC:S5125:U7:UA*849.72*849.72**146.00**146.000~DTM*150*20230409~DTM*151*20230415~REF*6R*5735208~LX*34~CLP*2-49858*1*58.20*58.20**MC*2023107045034*12*1~NM1*QC*1*COX*WANDA*K***MR*100104431099~DTM*232*20221103~DTM*233*20221103~DTM*050*20230417~SVC*HC:S5125:U7:UA*58.20*58.20**10.00**10.000~DTM*472*20221103~REF*6R*5155767~LX*35~CLP*2-50144*1*174.60*174.60**MC*2023107045042*12*1~NM1*QC*1*COX*WANDA*K***MR*100104431099~DTM*232*20221116~DTM*233*20221119~DTM*050*20230417~SVC*HC:S5125:U7:UA*174.60*174.60**30.00**30.000~DTM*150*20221116~DTM*151*20221119~REF*6R*5204366~LX*36~CLP*2-53583*1*139.68*139.68**MC*2023109118822*12*1~NM1*QC*1*COX*WANDA*K***MR*100104431099~DTM*232*20230411~DTM*233*20230414~DTM*050*20230419~SVC*HC:S5125:U7:UA*139.68*139.68**24.00**24.000~DTM*150*20230411~DTM*151*20230414~REF*6R*5735215~LX*37~CLP*2-50424*1*69.84*69.84**MC*2023107045038*12*1~NM1*QC*1*CROUCH*MARIE*L***MR*105647292999~DTM*232*20221129~DTM*233*20221129~DTM*050*20230417~SVC*HC:S5125:U7:UA*69.84*69.84**12.00**12.000~DTM*472*20221129~REF*6R*5254776~LX*38~CLP*2-49859*1*355.02*355.02**MC*2023107045051*12*1~NM1*QC*1*CROUCH*MARIE*L***MR*105647292999~DTM*232*20221101~DTM*233*20221104~DTM*050*20230417~SVC*HC:S5125:U7:UA*355.02*355.02**61.00**61.000~DTM*150*20221101~DTM*151*20221104~REF*6R*5155768~LX*39~CLP*2-50145*1*267.72*267.72**MC*2023107045059*12*1~NM1*QC*1*CROUCH*MARIE*L***MR*105647292999~DTM*232*20221116~DTM*233*20221118~DTM*050*20230417~SVC*HC:S5125:U7:UA*267.72*267.72**46.00**46.000~DTM*150*20221116~DTM*151*20221118~REF*6R*5204369~LX*40~CLP*2-50425*1*727.50*727.50**MC*2023107045057*12*1~NM1*QC*1*DEMENT*DAVID*L***MR*101479809299~DTM*232*20221128~DTM*233*20221130~DTM*050*20230417~SVC*HC:S5125:U7:UA*727.50*727.50**125.00**125.000~DTM*150*20221128~DTM*151*20221130~REF*6R*5254777~LX*41~CLP*2-49860*1*1123.26*1123.26**MC*2023107045062*12*1~NM1*QC*1*DEMENT*DAVID*L***MR*101479809299~DTM*232*20221101~DTM*233*20221105~DTM*050*20230417~SVC*HC:S5125:U7:UA*1123.26*1123.26**193.00**193.000~DTM*150*20221101~DTM*151*20221105~REF*6R*5155772~LX*42~CLP*2-50146*1*1245.48*1245.48**MC*2023107045071*12*1~NM1*QC*1*DEMENT*DAVID*L***MR*101479809299~DTM*232*20221114~DTM*233*20221119~DTM*050*20230417~SVC*HC:S5125:U7:UA*1245.48*1245.48**214.00**214.000~DTM*150*20221114~DTM*151*20221119~REF*6R*5204372~LX*43~CLP*2-53584*1*1408.44*1408.44**MC*2023109118871*12*1~NM1*QC*1*DEMENT*DAVID*L***MR*101479809299~DTM*232*20230410~DTM*233*20230415~DTM*050*20230419~SVC*HC:S5125:U7:UA*1408.44*1408.44**242.00**242.000~DTM*150*20230410~DTM*151*20230415~REF*6R*5735218~LX*44~CLP*2-50426*1*39.92*39.92**MC*2023107045065*12*1~NM1*QC*1*DENNEY*RANDAL*W***MR*104592687899~DTM*232*20221130~DTM*233*20221130~DTM*050*20230417~SVC*HC:S5130:U7:UA*39.92*39.92**8.00**8.000~DTM*472*20221130~REF*6R*5254780~LX*45~CLP*2-49861*1*79.84*79.84**MC*2023107045073*12*1~NM1*QC*1*DENNEY*RANDAL*W***MR*104592687899~DTM*232*20221102~DTM*233*20221104~DTM*050*20230417~SVC*HC:S5130:U7:UA*79.84*79.84**16.00**16.000~DTM*150*20221102~DTM*151*20221104~REF*6R*5155776~LX*46~CLP*2-50147*1*79.84*79.84**MC*2023107045075*12*1~NM1*QC*1*DENNEY*RANDAL*W***MR*104592687899~DTM*232*20221116~DTM*233*20221118~DTM*050*20230417~SVC*HC:S5130:U7:UA*79.84*79.84**16.00**16.000~DTM*150*20221116~DTM*151*20221118~REF*6R*5204377~LX*47~CLP*2-53585*1*39.92*39.92**MC*2023109118911*12*1~NM1*QC*1*DENNEY*RANDAL*W***MR*104592687899~DTM*232*20230414~DTM*233*20230414~DTM*050*20230419~SVC*HC:S5130:U7:UA*39.92*39.92**8.00**8.000~DTM*472*20230414~REF*6R*5735223~LX*48~CLP*2-50427*1*250.26*250.26**MC*2023107045074*12*1~NM1*QC*1*DONAHUE WYKOFF*ANGELA****MR*100654089099~DTM*232*20221128~DTM*233*20221130~DTM*050*20230417~SVC*HC:S5125:U7:UA*250.26*250.26**43.00**43.000~DTM*150*20221128~DTM*151*20221130~REF*6R*5254781~LX*49~CLP*2-49862*1*139.68*139.68**MC*2023107045077*12*1~NM1*QC*1*DONAHUE WYKOFF*ANGELA****MR*100654089099~DTM*232*20221101~DTM*233*20221102~DTM*050*20230417~SVC*HC:S5125:U7:UA*139.68*139.68**24.00**24.000~DTM*150*20221101~DTM*151*20221102~REF*6R*5155778~LX*50~CLP*2-50148*1*209.52*209.52**MC*2023107045080*12*1~NM1*QC*1*DONAHUE WYKOFF*ANGELA****MR*100654089099~DTM*232*20221114~DTM*233*20221116~DTM*050*20230417~SVC*HC:S5125:U7:UA*209.52*209.52**36.00**36.000~DTM*150*20221114~DTM*151*20221116~REF*6R*5204379~LX*51~CLP*2-50428*1*564.54*564.54**MC*2023107045083*12*1~NM1*QC*1*DOWNEY*ANN MARIE*F***MR*106295955499~DTM*232*20221127~DTM*233*20221130~DTM*050*20230417~SVC*HC:S5125:U7:UA*564.54*564.54**97.00**97.000~DTM*150*20221127~DTM*151*20221130~REF*6R*5254784~LX*52~CLP*2-49863*1*1041.78*1041.78**MC*2023107045089*12*1~NM1*QC*1*DOWNEY*ANN MARIE*F***MR*106295955499~DTM*232*20221101~DTM*233*20221105~DTM*050*20230417~SVC*HC:S5125:U7:UA*1041.78*1041.78**179.00**179.000~DTM*150*20221101~DTM*151*20221105~REF*6R*5155780~LX*53~CLP*2-50149*1*1350.24*1350.24**MC*2023107045092*12*1~NM1*QC*1*DOWNEY*ANN MARIE*F***MR*106295955499~DTM*232*20221113~DTM*233*20221119~DTM*050*20230417~SVC*HC:S5125:U7:UA*1350.24*1350.24**232.00**232.000~DTM*150*20221113~DTM*151*20221119~REF*6R*5204381~LX*54~CLP*2-53586*1*1513.20*1513.20**MC*2023109118931*12*1~NM1*QC*1*DOWNEY*ANN MARIE*F***MR*106295955499~DTM*232*20230409~DTM*233*20230415~DTM*050*20230419~SVC*HC:S5125:U7:UA*1513.20*1513.20**260.00**260.000~DTM*150*20230409~DTM*151*20230415~REF*6R*5735224~LX*55~CLP*2-53587*1*291.00*291.00**MC*2023109118960*12*1~NM1*QC*1*DUVALL*JUSTENA*M***MR*100135759799~DTM*232*20230411~DTM*233*20230413~DTM*050*20230419~SVC*HC:S5125:U7:UA*291.00*291.00**50.00**50.000~DTM*150*20230411~DTM*151*20230413~REF*6R*5735236~LX*56~CLP*2-49864*1*93.12*93.12**MC*2023107045094*12*1~NM1*QC*1*ENGLAND*RENEE*L***MR*100231817699~DTM*232*20221102~DTM*233*20221104~DTM*050*20230417~SVC*HC:S5125:U7:UA*93.12*93.12**16.00**16.000~DTM*150*20221102~DTM*151*20221104~REF*6R*5155790~LX*57~CLP*2-50150*1*203.70*203.70**MC*2023107045097*12*1~NM1*QC*1*ENGLAND*RENEE*L***MR*100231817699~DTM*232*20221116~DTM*233*20221118~DTM*050*20230417~SVC*HC:S5125:U7:UA*203.70*203.70**35.00**35.000~DTM*150*20221116~DTM*151*20221118~REF*6R*5204392~LX*58~CLP*2-50429*1*424.86*424.86**MC*2023107045090*12*1~NM1*QC*1*ENGLEKING*JONETTA*J***MR*100962766099~DTM*232*20221128~DTM*233*20221130~DTM*050*20230417~SVC*HC:S5125:U7:UA*424.86*424.86**73.00**73.000~DTM*150*20221128~DTM*151*20221130~REF*6R*5254792~LX*59~CLP*2-49865*1*646.02*646.02**MC*2023107045102*12*1~NM1*QC*1*ENGLEKING*JONETTA*J***MR*100962766099~DTM*232*20221101~DTM*233*20221104~DTM*050*20230417~SVC*HC:S5125:U7:UA*646.02*646.02**111.00**111.000~DTM*150*20221101~DTM*151*20221104~REF*6R*5155792~LX*60~CLP*2-50151*1*762.42*762.42**MC*2023107045104*12*1~NM1*QC*1*ENGLEKING*JONETTA*J***MR*100962766099~DTM*232*20221114~DTM*233*20221118~DTM*050*20230417~SVC*HC:S5125:U7:UA*762.42*762.42**131.00**131.000~DTM*150*20221114~DTM*151*20221118~REF*6R*5204394~LX*61~CLP*2-50430*1*419.04*419.04**MC*2023107045101*12*1~NM1*QC*1*FARMER*DAVID*R***MR*100660230299~DTM*232*20221128~DTM*233*20221130~DTM*050*20230417~SVC*HC:S5125:U7:UA*419.04*419.04**72.00**72.000~DTM*150*20221128~DTM*151*20221130~REF*6R*5254795~LX*62~CLP*2-49866*1*547.08*547.08**MC*2023107045105*12*1~NM1*QC*1*FARMER*DAVID*R***MR*100660230299~DTM*232*20221101~DTM*233*20221104~DTM*050*20230417~SVC*HC:S5125:U7:UA*547.08*547.08**94.00**94.000~DTM*150*20221101~DTM*151*20221104~REF*6R*5155796~LX*63~CLP*2-50152*1*733.32*733.32**MC*2023107045110*12*1~NM1*QC*1*FARMER*DAVID*R***MR*100660230299~DTM*232*20221113~DTM*233*20221118~DTM*050*20230417~SVC*HC:S5125:U7:UA*733.32*733.32**126.00**126.000~DTM*150*20221113~DTM*151*20221118~REF*6R*5204399~LX*64~CLP*2-53588*1*861.36*861.36**MC*2023109119029*12*1~NM1*QC*1*FARMER*DAVID*R***MR*100660230299~DTM*232*20230409~DTM*233*20230415~DTM*050*20230419~SVC*HC:S5125:U7:UA*861.36*861.36**148.00**148.000~DTM*150*20230409~DTM*151*20230415~REF*6R*5735238~LX*65~CLP*2-49867*1*776.60*776.60**MC*2023107045120*12*1~NM1*QC*1*FOLLOWELL*PHYLLIS*K***MR*103889465399~DTM*232*20221101~DTM*233*20221104~DTM*050*20230417~SVC*HC:S5130:U7:UA*159.68*159.68**32.00**32.000~DTM*150*20221101~DTM*151*20221104~REF*6R*5155800~SVC*HC:S5125:U7:UA*616.92*616.92**106.00**106.000~DTM*150*20221101~DTM*151*20221104~REF*6R*5155801~LX*66~CLP*2-50153*1*1124.16*1124.16**MC*2023107045124*12*1~NM1*QC*1*FOLLOWELL*PHYLLIS*K***MR*103889465399~DTM*232*20221114~DTM*233*20221118~DTM*050*20230417~SVC*HC:S5130:U7:UA*239.52*239.52**48.00**48.000~DTM*150*20221114~DTM*151*20221118~REF*6R*5204405~SVC*HC:S5125:U7:UA*884.64*884.64**152.00**152.000~DTM*150*20221114~DTM*151*20221118~REF*6R*5204406~LX*67~CLP*2-49868*1*128.04*128.04**MC*2023107045127*12*1~NM1*QC*1*GERGELY*ROBERT*J***MR*121253277299~DTM*232*20221101~DTM*233*20221103~DTM*050*20230417~SVC*HC:S5125:U7:UA*128.04*128.04**22.00**22.000~DTM*150*20221101~DTM*151*20221103~REF*6R*5155808~LX*68~CLP*2-50154*1*29.10*29.10**MC*2023107045132*12*1~NM1*QC*1*GERGELY*ROBERT*J***MR*121253277299~DTM*232*20221115~DTM*233*20221115~DTM*050*20230417~SVC*HC:S5125:U7:UA*29.10*29.10**5.00**5.000~DTM*472*20221115~REF*6R*5204415~LX*69~CLP*2-53590*1*436.50*436.50**MC*2023109119136*12*1~NM1*QC*1*GERGELY*ROBERT*J***MR*121253277299~DTM*232*20230409~DTM*233*20230415~DTM*050*20230419~SVC*HC:S5125:U7:UA*436.50*436.50**75.00**75.000~DTM*150*20230409~DTM*151*20230415~REF*6R*5735249~LX*70~CLP*2-50431*1*413.22*413.22**MC*2023107045115*12*1~NM1*QC*1*GWIN*ROBERT*A***MR*101442065599~DTM*232*20221127~DTM*233*20221130~DTM*050*20230417~SVC*HC:S5125:U7:UA*413.22*413.22**71.00**71.000~DTM*150*20221127~DTM*151*20221130~REF*6R*5254798~LX*71~CLP*2-49869*1*582.00*582.00**MC*2023107045131*12*1~NM1*QC*1*GWIN*ROBERT*A***MR*101442065599~DTM*232*20221101~DTM*233*20221105~DTM*050*20230417~SVC*HC:S5125:U7:UA*582.00*582.00**100.00**100.000~DTM*150*20221101~DTM*151*20221105~REF*6R*5155810~LX*72~CLP*2-50155*1*826.44*826.44**MC*2023107045134*12*1~NM1*QC*1*GWIN*ROBERT*A***MR*101442065599~DTM*232*20221113~DTM*233*20221119~DTM*050*20230417~SVC*HC:S5125:U7:UA*826.44*826.44**142.00**142.000~DTM*150*20221113~DTM*151*20221119~REF*6R*5204416~LX*73~CLP*2-53591*1*1070.88*1070.88**MC*2023109119156*12*1~NM1*QC*1*GWIN*ROBERT*A***MR*101442065599~DTM*232*20230409~DTM*233*20230415~DTM*050*20230419~SVC*HC:S5125:U7:UA*1070.88*1070.88**184.00**184.000~DTM*150*20230409~DTM*151*20230415~REF*6R*5735253~LX*74~CLP*2-50432*1*634.38*634.38**MC*2023107045118*12*1~NM1*QC*1*HAGGARD*SHEILA*K***MR*100400273799~DTM*232*20221127~DTM*233*20221130~DTM*050*20230417~SVC*HC:S5125:U7:UA*634.38*634.38**109.00**109.000~DTM*150*20221127~DTM*151*20221130~REF*6R*5254802~LX*75~CLP*2-49870*1*663.48*663.48**MC*2023107045133*12*1~NM1*QC*1*HAGGARD*SHEILA*K***MR*100400273799~DTM*232*20221101~DTM*233*20221105~DTM*050*20230417~SVC*HC:S5125:U7:UA*663.48*663.48**114.00**114.000~DTM*150*20221101~DTM*151*20221105~REF*6R*5155815~LX*76~CLP*2-50156*1*1053.42*1053.42**MC*2023107045136*12*1~NM1*QC*1*HAGGARD*SHEILA*K***MR*100400273799~DTM*232*20221113~DTM*233*20221119~DTM*050*20230417~SVC*HC:S5125:U7:UA*1053.42*1053.42**181.00**181.000~DTM*150*20221113~DTM*151*20221119~REF*6R*5204423~LX*77~CLP*2-53592*1*1035.96*1035.96**MC*2023109119181*12*1~NM1*QC*1*HAGGARD*SHEILA*K***MR*100400273799~DTM*232*20230410~DTM*233*20230414~DTM*050*20230419~SVC*HC:S5125:U7:UA*1035.96*1035.96**178.00**178.000~DTM*150*20230410~DTM*151*20230414~REF*6R*5735260~LX*78~CLP*2-50434*1*465.60*465.60**MC*2023107045122*12*1~NM1*QC*1*HART*MARGARET*S***MR*120587837299~DTM*232*20221128~DTM*233*20221130~DTM*050*20230417~SVC*HC:S5125:U7:UA*465.60*465.60**80.00**80.000~DTM*150*20221128~DTM*151*20221130~REF*6R*5254809~LX*79~CLP*2-49872*1*541.26*541.26**MC*2023107045138*12*1~NM1*QC*1*HART*MARGARET*S***MR*120587837299~DTM*232*20221101~DTM*233*20221104~DTM*050*20230417~SVC*HC:S5125:U7:UA*541.26*541.26**93.00**93.000~DTM*150*20221101~DTM*151*20221104~REF*6R*5155824~LX*80~CLP*2-50158*1*797.34*797.34**MC*2023107045145*12*1~NM1*QC*1*HART*MARGARET*S***MR*120587837299~DTM*232*20221114~DTM*233*20221119~DTM*050*20230417~SVC*HC:S5125:U7:UA*797.34*797.34**137.00**137.000~DTM*150*20221114~DTM*151*20221119~REF*6R*5204435~LX*81~CLP*2-53594*1*314.28*314.28**MC*2023109119210*12*1~NM1*QC*1*HART*MARGARET*S***MR*120587837299~DTM*232*20230411~DTM*233*20230414~DTM*050*20230419~SVC*HC:S5125:U7:UA*314.28*314.28**54.00**54.000~DTM*150*20230411~DTM*151*20230414~REF*6R*5735271~LX*82~CLP*2-50435*1*69.84*69.84**MC*2023107045126*12*1~NM1*QC*1*HEHMAN*ROSANNA****MR*120785419999~DTM*232*20221129~DTM*233*20221129~DTM*050*20230417~SVC*HC:S5125:U7:UA*69.84*69.84**12.00**12.000~DTM*472*20221129~REF*6R*5254813~LX*83~CLP*2-49873*1*186.24*186.24**MC*2023107045143*12*1~NM1*QC*1*HEHMAN*ROSANNA****MR*120785419999~DTM*232*20221101~DTM*233*20221103~DTM*050*20230417~SVC*HC:S5125:U7:UA*186.24*186.24**32.00**32.000~DTM*150*20221101~DTM*151*20221103~REF*6R*5155828~LX*84~CLP*2-50159*1*174.60*174.60**MC*2023107045147*12*1~NM1*QC*1*HEHMAN*ROSANNA****MR*120785419999~DTM*232*20221117~DTM*233*20221119~DTM*050*20230417~SVC*HC:S5125:U7:UA*174.60*174.60**30.00**30.000~DTM*150*20221117~DTM*151*20221119~REF*6R*5204441~LX*85~CLP*2-53595*1*459.02*459.02**MC*2023109119254*12*1~NM1*QC*1*HEHMAN*ROSANNA****MR*120785419999~DTM*232*20230409~DTM*233*20230414~DTM*050*20230419~SVC*HC:S5130:U7:UA*249.50*249.50**50.00**50.000~DTM*150*20230409~DTM*151*20230414~REF*6R*5735274~SVC*HC:S5125:U7:UA*209.52*209.52**36.00**36.000~DTM*150*20230409~DTM*151*20230414~REF*6R*5735275~LX*86~CLP*2-53596*1*86.48*86.48**MC*2023109119287*12*1~NM1*QC*1*HENRY*CHERYL*K***MR*102968342099~DTM*232*20230411~DTM*233*20230411~DTM*050*20230419~SVC*HC:S5125:U7:UA*46.56*46.56**8.00**8.000~DTM*472*20230411~REF*6R*5735281~SVC*HC:S5130:U7:UA*39.92*39.92**8.00**8.000~DTM*472*20230411~REF*6R*5735282~LX*87~CLP*2-50436*1*261.90*261.90**MC*2023107045129*12*1~NM1*QC*1*HILDERBRAND*CELESTE*J***MR*103015592199~DTM*232*20221128~DTM*233*20221130~DTM*050*20230417~SVC*HC:S5125:U7:UA*261.90*261.90**45.00**45.000~DTM*150*20221128~DTM*151*20221130~REF*6R*5254814~LX*88~CLP*2-49874*1*139.68*139.68**MC*2023107045146*12*1~NM1*QC*1*HILDERBRAND*CELESTE*J***MR*103015592199~DTM*232*20221101~DTM*233*20221103~DTM*050*20230417~SVC*HC:S5125:U7:UA*139.68*139.68**24.00**24.000~DTM*150*20221101~DTM*151*20221103~REF*6R*5155830~LX*89~CLP*2-50160*1*256.08*256.08**MC*2023107045152*12*1~NM1*QC*1*HILDERBRAND*CELESTE*J***MR*103015592199~DTM*232*20221114~DTM*233*20221117~DTM*050*20230417~SVC*HC:S5125:U7:UA*256.08*256.08**44.00**44.000~DTM*150*20221114~DTM*151*20221117~REF*6R*5204443~LX*90~CLP*2-53597*1*302.64*302.64**MC*2023109119312*12*1~NM1*QC*1*HILDERBRAND*CELESTE*J***MR*103015592199~DTM*232*20230411~DTM*233*20230415~DTM*050*20230419~SVC*HC:S5125:U7:UA*302.64*302.64**52.00**52.000~DTM*150*20230411~DTM*151*20230415~REF*6R*5735283~LX*91~CLP*2-50437*1*46.56*46.56**MC*2023107045140*12*1~NM1*QC*1*HIMELICK*ALICE*L***MR*101302874999~DTM*232*20221130~DTM*233*20221130~DTM*050*20230417~SVC*HC:S5125:U7:UA*46.56*46.56**8.00**8.000~DTM*472*20221130~REF*6R*5254817~LX*92~CLP*2-49875*1*104.76*104.76**MC*2023107045151*12*1~NM1*QC*1*HIMELICK*ALICE*L***MR*101302874999~DTM*232*20221102~DTM*233*20221103~DTM*050*20230417~SVC*HC:S5125:U7:UA*104.76*104.76**18.00**18.000~DTM*150*20221102~DTM*151*20221103~REF*6R*5155833~LX*93~CLP*2-50161*1*128.04*128.04**MC*2023107045157*12*1~NM1*QC*1*HIMELICK*ALICE*L***MR*101302874999~DTM*232*20221114~DTM*233*20221116~DTM*050*20230417~SVC*HC:S5125:U7:UA*128.04*128.04**22.00**22.000~DTM*150*20221114~DTM*151*20221116~REF*6R*5204447~LX*94~CLP*2-53598*1*162.96*162.96**MC*2023109119363*12*1~NM1*QC*1*HIMELICK*ALICE*L***MR*101302874999~DTM*232*20230410~DTM*233*20230413~DTM*050*20230419~SVC*HC:S5125:U7:UA*162.96*162.96**28.00**28.000~DTM*150*20230410~DTM*151*20230413~REF*6R*5735287~LX*95~CLP*2-50439*1*203.70*203.70**MC*2023107045150*12*1~NM1*QC*1*HOLTZLIDER*FREDERICK*A***MR*102605720699~DTM*232*20221128~DTM*233*20221130~DTM*050*20230417~SVC*HC:S5125:U7:UA*203.70*203.70**35.00**35.000~DTM*150*20221128~DTM*151*20221130~REF*6R*5254819~LX*96~CLP*2-49877*1*221.16*221.16**MC*2023107045156*12*1~NM1*QC*1*HOLTZLIDER*FREDERICK*A***MR*102605720699~DTM*232*20221101~DTM*233*20221105~DTM*050*20230417~SVC*HC:S5125:U7:UA*221.16*221.16**38.00**38.000~DTM*150*20221101~DTM*151*20221105~REF*6R*5155837~LX*97~CLP*2-50163*1*174.60*174.60**MC*2023107045160*12*1~NM1*QC*1*HOLTZLIDER*FREDERICK*A***MR*102605720699~DTM*232*20221115~DTM*233*20221118~DTM*050*20230417~SVC*HC:S5125:U7:UA*174.60*174.60**30.00**30.000~DTM*150*20221115~DTM*151*20221118~REF*6R*5204452~LX*98~CLP*2-49878*1*442.32*442.32**MC*2023107045164*12*1~NM1*QC*1*JACKSON*MART*M***MR*100688653399~DTM*232*20221102~DTM*233*20221103~DTM*050*20230417~SVC*HC:S5125:U7:UA*442.32*442.32**76.00**76.000~DTM*150*20221102~DTM*151*20221103~REF*6R*5155841~LX*99~CLP*2-50164*1*139.68*139.68**MC*2023107045169*12*1~NM1*QC*1*JACKSON*MART*M***MR*100688653399~DTM*232*20221114~DTM*233*20221116~DTM*050*20230417~SVC*HC:S5125:U7:UA*139.68*139.68**24.00**24.000~DTM*150*20221114~DTM*151*20221116~REF*6R*5204455~LX*100~CLP*2-53600*1*232.80*232.80**MC*2023109119396*12*1~NM1*QC*1*JACKSON*MART*M***MR*100688653399~DTM*232*20230409~DTM*233*20230415~DTM*050*20230419~SVC*HC:S5125:U7:UA*232.80*232.80**40.00**40.000~DTM*150*20230409~DTM*151*20230415~REF*6R*5735292~LX*101~CLP*2-53601*1*494.70*494.70**MC*2023109119422*12*1~NM1*QC*1*JACKSON*TONYA*L***MR*101150501199~DTM*232*20230410~DTM*233*20230414~DTM*050*20230419~SVC*HC:S5125:U7:UA*494.70*494.70**85.00**85.000~DTM*150*20230410~DTM*151*20230414~REF*6R*5735299~LX*102~CLP*2-50440*1*69.84*69.84**MC*2023107045162*12*1~NM1*QC*1*JACOBS*MARGARET****MR*106134293599~DTM*232*20221129~DTM*233*20221129~DTM*050*20230417~SVC*HC:S5125:U7:UA*69.84*69.84**12.00**12.000~DTM*472*20221129~REF*6R*5254822~LX*103~CLP*2-49879*1*162.96*162.96**MC*2023107045170*12*1~NM1*QC*1*JACOBS*MARGARET****MR*106134293599~DTM*232*20221101~DTM*233*20221103~DTM*050*20230417~SVC*HC:S5125:U7:UA*162.96*162.96**28.00**28.000~DTM*150*20221101~DTM*151*20221103~REF*6R*5155843~LX*104~CLP*2-50165*1*81.48*81.48**MC*2023107045174*12*1~NM1*QC*1*JACOBS*MARGARET****MR*106134293599~DTM*232*20221115~DTM*233*20221117~DTM*050*20230417~SVC*HC:S5125:U7:UA*81.48*81.48**14.00**14.000~DTM*150*20221115~DTM*151*20221117~REF*6R*5204457~LX*105~CLP*2-50441*1*250.26*250.26**MC*2023107045167*12*1~NM1*QC*1*KREBBS*DOROTHY*E***MR*105262785699~DTM*232*20221128~DTM*233*20221130~DTM*050*20230417~SVC*HC:S5125:U7:UA*250.26*250.26**43.00**43.000~DTM*150*20221128~DTM*151*20221130~REF*6R*5254823~LX*106~CLP*2-49880*1*128.04*128.04**MC*2023107045175*12*1~NM1*QC*1*KREBBS*DOROTHY*E***MR*105262785699~DTM*232*20221102~DTM*233*20221104~DTM*050*20230417~SVC*HC:S5125:U7:UA*128.04*128.04**22.00**22.000~DTM*150*20221102~DTM*151*20221104~REF*6R*5155845~LX*107~CLP*2-50166*1*302.64*302.64**MC*2023107045179*12*1~NM1*QC*1*KREBBS*DOROTHY*E***MR*105262785699~DTM*232*20221114~DTM*233*20221117~DTM*050*20230417~SVC*HC:S5125:U7:UA*302.64*302.64**52.00**52.000~DTM*150*20221114~DTM*151*20221117~REF*6R*5204459~LX*108~CLP*2-53602*1*736.76*736.76**MC*2023109119459*12*1~NM1*QC*1*KREBBS*DOROTHY*E***MR*105262785699~DTM*232*20230409~DTM*233*20230415~DTM*050*20230419~SVC*HC:S5130:U7:UA*399.20*399.20**80.00**80.000~DTM*150*20230409~DTM*151*20230415~REF*6R*5735304~SVC*HC:S5125:U7:UA*337.56*337.56**58.00**58.000~DTM*150*20230410~DTM*151*20230414~REF*6R*5735305~LX*109~CLP*2-50442*1*58.20*58.20**MC*2023107045172*12*1~NM1*QC*1*KRISTOPEIT*VERONICA*S***MR*104438850099~DTM*232*20221129~DTM*233*20221129~DTM*050*20230417~SVC*HC:S5125:U7:UA*58.20*58.20**10.00**10.000~DTM*472*20221129~REF*6R*5254826~LX*110~CLP*2-49881*1*116.40*116.40**MC*2023107045180*12*1~NM1*QC*1*KRISTOPEIT*VERONICA*S***MR*104438850099~DTM*232*20221101~DTM*233*20221103~DTM*050*20230417~SVC*HC:S5125:U7:UA*116.40*116.40**20.00**20.000~DTM*150*20221101~DTM*151*20221103~REF*6R*5155847~LX*111~CLP*2-50167*1*197.88*197.88**MC*2023107045183*12*1~NM1*QC*1*KRISTOPEIT*VERONICA*S***MR*104438850099~DTM*232*20221115~DTM*233*20221119~DTM*050*20230417~SVC*HC:S5125:U7:UA*197.88*197.88**34.00**34.000~DTM*150*20221115~DTM*151*20221119~REF*6R*5204463~LX*112~CLP*2-53603*1*58.20*58.20**MC*2023109119485*12*1~NM1*QC*1*KRISTOPEIT*VERONICA*S***MR*104438850099~DTM*232*20230411~DTM*233*20230411~DTM*050*20230419~SVC*HC:S5125:U7:UA*58.20*58.20**10.00**10.000~DTM*472*20230411~REF*6R*5735311~LX*113~CLP*2-53604*1*1309.50*1309.50**MC*2023109119526*12*1~NM1*QC*1*LAMBERT*ALVIN*L***MR*101155834199~DTM*232*20230409~DTM*233*20230415~DTM*050*20230419~SVC*HC:S5125:U7:UA*1309.50*1309.50**225.00**225.000~DTM*150*20230409~DTM*151*20230415~REF*6R*5735312~LX*114~CLP*2-50444*1*139.72*139.72**MC*2023107045196*12*1~NM1*QC*1*LAYMON*GRETCHEN****MR*105489070099~DTM*232*20221128~DTM*233*20221130~DTM*050*20230417~SVC*HC:S5130:U7:UA*139.72*139.72**28.00**28.000~DTM*150*20221128~DTM*151*20221130~REF*6R*5254831~LX*115~CLP*2-50169*1*179.64*179.64**MC*2023107045202*12*1~NM1*QC*1*LAYMON*GRETCHEN****MR*105489070099~DTM*232*20221114~DTM*233*20221118~DTM*050*20230417~SVC*HC:S5130:U7:UA*179.64*179.64**36.00**36.000~DTM*150*20221114~DTM*151*20221118~REF*6R*5204472~LX*116~CLP*2-50445*1*93.12*93.12**MC*2023107045200*12*1~NM1*QC*1*LEMAIRE*REBECCA*G***MR*105610335999~DTM*232*20221130~DTM*233*20221130~DTM*050*20230417~SVC*HC:S5125:U7:UA*93.12*93.12**16.00**16.000~DTM*472*20221130~REF*6R*5254833~LX*117~CLP*2-49883*1*81.48*81.48**MC*2023107045201*12*1~NM1*QC*1*LEMAIRE*REBECCA*G***MR*105610335999~DTM*232*20221101~DTM*233*20221105~DTM*050*20230417~SVC*HC:S5125:U7:UA*81.48*81.48**14.00**14.000~DTM*150*20221101~DTM*151*20221105~REF*6R*5155854~LX*118~CLP*2-50170*1*75.66*75.66**MC*2023107045203*12*1~NM1*QC*1*LEMAIRE*REBECCA*G***MR*105610335999~DTM*232*20221115~DTM*233*20221119~DTM*050*20230417~SVC*HC:S5125:U7:UA*75.66*75.66**13.00**13.000~DTM*150*20221115~DTM*151*20221119~REF*6R*5204475~LX*119~CLP*2-53605*1*459.78*459.78**MC*2023109119675*12*1~NM1*QC*1*LEMAIRE*REBECCA*G***MR*105610335999~DTM*232*20230410~DTM*233*20230414~DTM*050*20230419~SVC*HC:S5125:U7:UA*459.78*459.78**79.00**79.000~DTM*150*20230410~DTM*151*20230414~REF*6R*5735319~LX*120~CLP*2-50446*1*209.52*209.52**MC*2023107045205*12*1~NM1*QC*1*LINN*DOROTHY*L***MR*120260704899~DTM*232*20221128~DTM*233*20221130~DTM*050*20230417~SVC*HC:S5125:U7:UA*209.52*209.52**36.00**36.000~DTM*150*20221128~DTM*151*20221130~REF*6R*5254834~LX*121~CLP*2-49884*1*221.16*221.16**MC*2023107045207*12*1~NM1*QC*1*LINN*DOROTHY*L***MR*120260704899~DTM*232*20221102~DTM*233*20221105~DTM*050*20230417~SVC*HC:S5125:U7:UA*221.16*221.16**38.00**38.000~DTM*150*20221102~DTM*151*20221105~REF*6R*5155856~LX*122~CLP*2-50171*1*296.82*296.82**MC*2023107045210*12*1~NM1*QC*1*LINN*DOROTHY*L***MR*120260704899~DTM*232*20221114~DTM*233*20221119~DTM*050*20230417~SVC*HC:S5125:U7:UA*296.82*296.82**51.00**51.000~DTM*150*20221114~DTM*151*20221119~REF*6R*5204477~LX*123~CLP*2-53606*1*407.40*407.40**MC*2023109119719*12*1~NM1*QC*1*LINN*DOROTHY*L***MR*120260704899~DTM*232*20230410~DTM*233*20230415~DTM*050*20230419~SVC*HC:S5125:U7:UA*407.40*407.40**70.00**70.000~DTM*150*20230410~DTM*151*20230415~REF*6R*5735325~LX*124~CLP*2-50447*1*93.12*93.12**MC*2023107045212*12*1~NM1*QC*1*MADDEN*KIMBERLY*J***MR*104845054699~DTM*232*20221128~DTM*233*20221130~DTM*050*20230417~SVC*HC:S5125:U7:UA*93.12*93.12**16.00**16.000~DTM*150*20221128~DTM*151*20221130~REF*6R*5254836~LX*125~CLP*2-49885*1*419.04*419.04**MC*2023107045215*12*1~NM1*QC*1*MADDEN*KIMBERLY*J***MR*104845054699~DTM*232*20221101~DTM*233*20221104~DTM*050*20230417~SVC*HC:S5125:U7:UA*419.04*419.04**72.00**72.000~DTM*150*20221101~DTM*151*20221104~REF*6R*5155859~LX*126~CLP*2-50172*1*360.84*360.84**MC*2023107045219*12*1~NM1*QC*1*MADDEN*KIMBERLY*J***MR*104845054699~DTM*232*20221114~DTM*233*20221118~DTM*050*20230417~SVC*HC:S5125:U7:UA*360.84*360.84**62.00**62.000~DTM*150*20221114~DTM*151*20221118~REF*6R*5204481~LX*127~CLP*2-50448*1*337.56*337.56**MC*2023107045218*12*1~NM1*QC*1*MAGNER*STEVE****MR*104355676899~DTM*232*20221127~DTM*233*20221130~DTM*050*20230417~SVC*HC:S5125:U7:UA*337.56*337.56**58.00**58.000~DTM*150*20221127~DTM*151*20221130~REF*6R*5254839~LX*128~CLP*2-49886*1*814.80*814.80**MC*2023107045220*12*1~NM1*QC*1*MAGNER*STEVE****MR*104355676899~DTM*232*20221101~DTM*233*20221105~DTM*050*20230417~SVC*HC:S5125:U7:UA*814.80*814.80**140.00**140.000~DTM*150*20221101~DTM*151*20221105~REF*6R*5155863~LX*129~CLP*2-50173*1*838.08*838.08**MC*2023107045223*12*1~NM1*QC*1*MAGNER*STEVE****MR*104355676899~DTM*232*20221113~DTM*233*20221119~DTM*050*20230417~SVC*HC:S5125:U7:UA*838.08*838.08**144.00**144.000~DTM*150*20221113~DTM*151*20221119~REF*6R*5204486~LX*130~CLP*2-53607*1*826.44*826.44**MC*2023109119768*12*1~NM1*QC*1*MAGNER*STEVE****MR*104355676899~DTM*232*20230409~DTM*233*20230415~DTM*050*20230419~SVC*HC:S5125:U7:UA*826.44*826.44**142.00**142.000~DTM*150*20230409~DTM*151*20230415~REF*6R*5735329~LX*131~CLP*2-50449*1*250.26*250.26**MC*2023107045222*12*1~NM1*QC*1*MARTZ*DIANA*L***MR*100984388799~DTM*232*20221128~DTM*233*20221130~DTM*050*20230417~SVC*HC:S5125:U7:UA*250.26*250.26**43.00**43.000~DTM*150*20221128~DTM*151*20221130~REF*6R*5254846~LX*132~CLP*2-49887*1*244.44*244.44**MC*2023107045224*12*1~NM1*QC*1*MARTZ*DIANA*L***MR*100984388799~DTM*232*20221102~DTM*233*20221104~DTM*050*20230417~SVC*HC:S5125:U7:UA*244.44*244.44**42.00**42.000~DTM*150*20221102~DTM*151*20221104~REF*6R*5155873~LX*133~CLP*2-53608*1*151.32*151.32**MC*2023109119796*12*1~NM1*QC*1*MCCARTY*KENNETH*E***MR*101057246799~DTM*232*20230410~DTM*233*20230410~DTM*050*20230419~SVC*HC:S5125:U7:UA*151.32*151.32**26.00**26.000~DTM*472*20230410~REF*6R*5735344~LX*134~CLP*2-50174*1*221.16*221.16**MC*2023107045226*12*1~NM1*QC*1*MCDONALD*MYRA*S***MR*101824400299~DTM*232*20221114~DTM*233*20221118~DTM*050*20230417~SVC*HC:S5125:U7:UA*221.16*221.16**38.00**38.000~DTM*150*20221114~DTM*151*20221118~REF*6R*5204499~LX*135~CLP*2-50450*1*139.68*139.68**MC*2023107045227*12*1~NM1*QC*1*MCDONALD*MYRA*S***MR*101824400299~DTM*232*20221128~DTM*233*20221130~DTM*050*20230417~SVC*HC:S5125:U7:UA*139.68*139.68**24.00**24.000~DTM*150*20221128~DTM*151*20221130~REF*6R*5254848~LX*136~CLP*2-49888*1*139.68*139.68**MC*2023107045230*12*1~NM1*QC*1*MCDONALD*MYRA*S***MR*101824400299~DTM*232*20221102~DTM*233*20221104~DTM*050*20230417~SVC*HC:S5125:U7:UA*139.68*139.68**24.00**24.000~DTM*150*20221102~DTM*151*20221104~REF*6R*5155875~LX*137~CLP*2-53609*1*209.52*209.52**MC*2023109119860*12*1~NM1*QC*1*MCDONALD*MYRA*S***MR*101824400299~DTM*232*20230410~DTM*233*20230414~DTM*050*20230419~SVC*HC:S5125:U7:UA*209.52*209.52**36.00**36.000~DTM*150*20230410~DTM*151*20230414~REF*6R*5735345~LX*138~CLP*2-50175*1*587.82*587.82**MC*2023107045232*12*1~NM1*QC*1*MCFALL*REBA*J***MR*101846508699~DTM*232*20221114~DTM*233*20221118~DTM*050*20230417~SVC*HC:S5125:U7:UA*587.82*587.82**101.00**101.000~DTM*150*20221114~DTM*151*20221118~REF*6R*5204502~LX*139~CLP*2-50451*1*419.04*419.04**MC*2023107045233*12*1~NM1*QC*1*MCFALL*REBA*J***MR*101846508699~DTM*232*20221128~DTM*233*20221130~DTM*050*20230417~SVC*HC:S5125:U7:UA*419.04*419.04**72.00**72.000~DTM*150*20221128~DTM*151*20221130~REF*6R*5254850~LX*140~CLP*2-49889*1*389.94*389.94**MC*2023107045236*12*1~NM1*QC*1*MCFALL*REBA*J***MR*101846508699~DTM*232*20221102~DTM*233*20221105~DTM*050*20230417~SVC*HC:S5125:U7:UA*389.94*389.94**67.00**67.000~DTM*150*20221102~DTM*151*20221105~REF*6R*5155877~LX*141~CLP*2-53610*1*750.78*750.78**MC*2023109119906*12*1~NM1*QC*1*MCFALL*REBA*J***MR*101846508699~DTM*232*20230410~DTM*233*20230414~DTM*050*20230419~SVC*HC:S5125:U7:UA*750.78*750.78**129.00**129.000~DTM*150*20230410~DTM*151*20230414~REF*6R*5735348~LX*142~CLP*2-50176*1*814.80*814.80**MC*2023107045234*12*1~NM1*QC*1*MITCHELL*KENNETH*R***MR*104628588699~DTM*232*20221114~DTM*233*20221118~DTM*050*20230417~SVC*HC:S5125:U7:UA*814.80*814.80**140.00**140.000~DTM*150*20221114~DTM*151*20221118~REF*6R*5204509~LX*143~CLP*2-50452*1*395.76*395.76**MC*2023107045238*12*1~NM1*QC*1*MITCHELL*KENNETH*R***MR*104628588699~DTM*232*20221128~DTM*233*20221130~DTM*050*20230417~SVC*HC:S5125:U7:UA*395.76*395.76**68.00**68.000~DTM*150*20221128~DTM*151*20221130~REF*6R*5254854~LX*144~CLP*2-49890*1*628.56*628.56**MC*2023107045244*12*1~NM1*QC*1*MITCHELL*KENNETH*R***MR*104628588699~DTM*232*20221101~DTM*233*20221104~DTM*050*20230417~SVC*HC:S5125:U7:UA*628.56*628.56**108.00**108.000~DTM*150*20221101~DTM*151*20221104~REF*6R*5155881~LX*145~CLP*2-53611*1*791.52*791.52**MC*2023109119942*12*1~NM1*QC*1*MITCHELL*KENNETH*R***MR*104628588699~DTM*232*20230410~DTM*233*20230415~DTM*050*20230419~SVC*HC:S5125:U7:UA*791.52*791.52**136.00**136.000~DTM*150*20230410~DTM*151*20230415~REF*6R*5735355~LX*146~CLP*2-50177*1*162.96*162.96**MC*2023107045240*12*1~NM1*QC*1*OAKES*DEBORAH*L***MR*121076706599~DTM*232*20221115~DTM*233*20221117~DTM*050*20230417~SVC*HC:S5125:U7:UA*162.96*162.96**28.00**28.000~DTM*150*20221115~DTM*151*20221117~REF*6R*5204514~LX*147~CLP*2-50453*1*81.48*81.48**MC*2023107045242*12*1~NM1*QC*1*OAKES*DEBORAH*L***MR*121076706599~DTM*232*20221129~DTM*233*20221129~DTM*050*20230417~SVC*HC:S5125:U7:UA*81.48*81.48**14.00**14.000~DTM*472*20221129~REF*6R*5254857~LX*148~CLP*2-49891*1*145.50*145.50**MC*2023107045248*12*1~NM1*QC*1*OAKES*DEBORAH*L***MR*121076706599~DTM*232*20221101~DTM*233*20221103~DTM*050*20230417~SVC*HC:S5125:U7:UA*145.50*145.50**25.00**25.000~DTM*150*20221101~DTM*151*20221103~REF*6R*5155885~LX*149~CLP*2-53612*1*558.72*558.72**MC*2023109119963*12*1~NM1*QC*1*OLDHAM*DIANA****MR*102384267599~DTM*232*20230410~DTM*233*20230414~DTM*050*20230419~SVC*HC:S5125:U7:UA*558.72*558.72**96.00**96.000~DTM*150*20230410~DTM*151*20230414~REF*6R*5735361~LX*150~CLP*2-50178*1*721.68*721.68**MC*2023107045245*12*1~NM1*QC*1*OLSON*INEZ*M***MR*100498703699~DTM*232*20221114~DTM*233*20221118~DTM*050*20230417~SVC*HC:S5125:U7:UA*721.68*721.68**124.00**124.000~DTM*150*20221114~DTM*151*20221118~REF*6R*5204516~LX*151~CLP*2-50454*1*168.78*168.78**MC*2023107045250*12*1~NM1*QC*1*OLSON*INEZ*M***MR*100498703699~DTM*232*20221128~DTM*233*20221130~DTM*050*20230417~SVC*HC:S5125:U7:UA*168.78*168.78**29.00**29.000~DTM*150*20221128~DTM*151*20221130~REF*6R*5254858~LX*152~CLP*2-49892*1*611.10*611.10**MC*2023107045252*12*1~NM1*QC*1*OLSON*INEZ*M***MR*100498703699~DTM*232*20221101~DTM*233*20221104~DTM*050*20230417~SVC*HC:S5125:U7:UA*611.10*611.10**105.00**105.000~DTM*150*20221101~DTM*151*20221104~REF*6R*5155887~LX*153~CLP*2-53613*1*704.22*704.22**MC*2023109119992*12*1~NM1*QC*1*OLSON*INEZ*M***MR*100498703699~DTM*232*20230410~DTM*233*20230414~DTM*050*20230419~SVC*HC:S5125:U7:UA*704.22*704.22**121.00**121.000~DTM*150*20230410~DTM*151*20230414~REF*6R*5735366~LX*154~CLP*2-50179*1*646.02*646.02**MC*2023107045251*12*1~NM1*QC*1*PATCHETT*DIANNA*K***MR*106449580599~DTM*232*20221114~DTM*233*20221119~DTM*050*20230417~SVC*HC:S5125:U7:UA*646.02*646.02**111.00**111.000~DTM*150*20221114~DTM*151*20221119~REF*6R*5204521~LX*155~CLP*2-50455*1*244.44*244.44**MC*2023107045256*12*1~NM1*QC*1*PATCHETT*DIANNA*K***MR*106449580599~DTM*232*20221128~DTM*233*20221130~DTM*050*20230417~SVC*HC:S5125:U7:UA*244.44*244.44**42.00**42.000~DTM*150*20221128~DTM*151*20221130~REF*6R*5254860~LX*156~CLP*2-49893*1*419.04*419.04**MC*2023107045261*12*1~NM1*QC*1*PATCHETT*DIANNA*K***MR*106449580599~DTM*232*20221101~DTM*233*20221105~DTM*050*20230417~SVC*HC:S5125:U7:UA*419.04*419.04**72.00**72.000~DTM*150*20221101~DTM*151*20221105~REF*6R*5155891~LX*157~CLP*2-53614*1*413.22*413.22**MC*2023109120022*12*1~NM1*QC*1*PATCHETT*DIANNA*K***MR*106449580599~DTM*232*20230410~DTM*233*20230415~DTM*050*20230419~SVC*HC:S5125:U7:UA*413.22*413.22**71.00**71.000~DTM*150*20230410~DTM*151*20230415~REF*6R*5735372~LX*158~CLP*2-50180*1*1938.06*1938.06**MC*2023107045260*12*1~NM1*QC*1*POPIEL*ELLA*M***MR*120521485999~DTM*232*20221113~DTM*233*20221119~DTM*050*20230417~SVC*HC:S5125:U7:UA*1938.06*1938.06**333.00**333.000~DTM*150*20221113~DTM*151*20221119~REF*6R*5204527~LX*159~CLP*2-50456*1*547.08*547.08**MC*2023107045263*12*1~NM1*QC*1*POPIEL*ELLA*M***MR*120521485999~DTM*232*20221127~DTM*233*20221130~DTM*050*20230417~SVC*HC:S5125:U7:UA*547.08*547.08**94.00**94.000~DTM*150*20221127~DTM*151*20221130~REF*6R*5254863~LX*160~CLP*2-49894*1*977.76*977.76**MC*2023107045265*12*1~NM1*QC*1*POPIEL*ELLA*M***MR*120521485999~DTM*232*20221101~DTM*233*20221105~DTM*050*20230417~SVC*HC:S5125:U7:UA*977.76*977.76**168.00**168.000~DTM*150*20221101~DTM*151*20221105~REF*6R*5155896~LX*161~CLP*2-53615*1*1303.68*1303.68**MC*2023109120048*12*1~NM1*QC*1*POPIEL*ELLA*M***MR*120521485999~DTM*232*20230409~DTM*233*20230415~DTM*050*20230419~SVC*HC:S5125:U7:UA*1303.68*1303.68**224.00**224.000~DTM*150*20230409~DTM*151*20230415~REF*6R*5735376~LX*162~CLP*2-50181*1*372.48*372.48**MC*2023107045264*12*1~NM1*QC*1*PRIDDY*DEBRA*K***MR*101866511599~DTM*232*20221114~DTM*233*20221119~DTM*050*20230417~SVC*HC:S5125:U7:UA*372.48*372.48**64.00**64.000~DTM*150*20221114~DTM*151*20221119~REF*6R*5204534~LX*163~CLP*2-49895*1*401.58*401.58**MC*2023107045269*12*1~NM1*QC*1*PRIDDY*DEBRA*K***MR*101866511599~DTM*232*20221101~DTM*233*20221105~DTM*050*20230417~SVC*HC:S5125:U7:UA*401.58*401.58**69.00**69.000~DTM*150*20221101~DTM*151*20221105~REF*6R*5155901~LQ*HE*M53~LX*164~CLP*2-53616*1*552.90*552.90**MC*2023109120070*12*1~NM1*QC*1*PRIDDY*DEBRA*K***MR*101866511599~DTM*232*20230410~DTM*233*20230415~DTM*050*20230419~SVC*HC:S5125:U7:UA*552.90*552.90**95.00**95.000~DTM*150*20230410~DTM*151*20230415~REF*6R*5735383~LX*165~CLP*2-53617*1*69.84*69.84**MC*2023109120167*12*1~NM1*QC*1*RAMOS*MICHAEL****MR*121253641999~DTM*232*20230411~DTM*233*20230411~DTM*050*20230419~SVC*HC:S5125:U7:UA*69.84*69.84**12.00**12.000~DTM*472*20230411~REF*6R*5735389~LX*166~CLP*2-50457*1*110.58*110.58**MC*2023107045267*12*1~NM1*QC*1*REDICKER*ELIZABETH*D***MR*101381429699~DTM*232*20221128~DTM*233*20221129~DTM*050*20230417~SVC*HC:S5125:U7:UA*110.58*110.58**19.00**19.000~DTM*150*20221128~DTM*151*20221129~REF*6R*5254867~LX*167~CLP*2-50182*1*180.42*180.42**MC*2023107045278*12*1~NM1*QC*1*REDICKER*ELIZABETH*D***MR*101381429699~DTM*232*20221114~DTM*233*20221118~DTM*050*20230417~SVC*HC:S5125:U7:UA*180.42*180.42**31.00**31.000~DTM*150*20221114~DTM*151*20221118~REF*6R*5204540~LX*168~CLP*2-49896*1*122.22*122.22**MC*2023107045282*12*1~NM1*QC*1*REDICKER*ELIZABETH*D***MR*101381429699~DTM*232*20221101~DTM*233*20221104~DTM*050*20230417~SVC*HC:S5125:U7:UA*122.22*122.22**21.00**21.000~DTM*150*20221101~DTM*151*20221104~REF*6R*5155908~LX*169~CLP*2-53618*1*622.74*622.74**MC*2023109120180*12*1~NM1*QC*1*REDICKER*ELIZABETH*D***MR*101381429699~DTM*232*20230410~DTM*233*20230415~DTM*050*20230419~SVC*HC:S5125:U7:UA*622.74*622.74**107.00**107.000~DTM*150*20230410~DTM*151*20230415~REF*6R*5735390~LX*170~CLP*2-50458*1*547.08*547.08**MC*2023107045272*12*1~NM1*QC*1*REEDY*DENNIS*R***MR*104628793299~DTM*232*20221128~DTM*233*20221130~DTM*050*20230417~SVC*HC:S5125:U7:UA*547.08*547.08**94.00**94.000~DTM*150*20221128~DTM*151*20221130~REF*6R*5254869~LX*171~CLP*2-50183*1*931.20*931.20**MC*2023107045280*12*1~NM1*QC*1*REEDY*DENNIS*R***MR*104628793299~DTM*232*20221114~DTM*233*20221118~DTM*050*20230417~SVC*HC:S5125:U7:UA*931.20*931.20**160.00**160.000~DTM*150*20221114~DTM*151*20221118~REF*6R*5204544~LX*172~CLP*2-49897*1*913.74*913.74**MC*2023107045289*12*1~NM1*QC*1*REEDY*DENNIS*R***MR*104628793299~DTM*232*20221101~DTM*233*20221105~DTM*050*20230417~SVC*HC:S5125:U7:UA*913.74*913.74**157.00**157.000~DTM*150*20221101~DTM*151*20221105~REF*6R*5155912~LX*173~CLP*2-53619*1*1117.44*1117.44**MC*2023109120222*12*1~NM1*QC*1*REEDY*DENNIS*R***MR*104628793299~DTM*232*20230410~DTM*233*20230415~DTM*050*20230419~SVC*HC:S5125:U7:UA*1117.44*1117.44**192.00**192.000~DTM*150*20230410~DTM*151*20230415~REF*6R*5735398~LX*174~CLP*2-53620*1*23.28*23.28**MC*2023109120239*12*1~NM1*QC*1*REEVES*NEVA*M***MR*102469749099~DTM*232*20230410~DTM*233*20230410~DTM*050*20230419~SVC*HC:S5125:U7:UA*23.28*23.28**4.00**4.000~DTM*472*20230410~REF*6R*5735404~LX*175~CLP*2-50459*1*308.46*308.46**MC*2023107045274*12*1~NM1*QC*1*ROYALTY*QUENTION****MR*102099962799~DTM*232*20221128~DTM*233*20221130~DTM*050*20230417~SVC*HC:S5125:U7:UA*308.46*308.46**53.00**53.000~DTM*150*20221128~DTM*151*20221130~REF*6R*5254872~LX*176~CLP*2-50184*1*529.62*529.62**MC*2023107045284*12*1~NM1*QC*1*ROYALTY*QUENTION****MR*102099962799~DTM*232*20221114~DTM*233*20221118~DTM*050*20230417~SVC*HC:S5125:U7:UA*529.62*529.62**91.00**91.000~DTM*150*20221114~DTM*151*20221118~REF*6R*5204549~LX*177~CLP*2-49898*1*401.58*401.58**MC*2023107045291*12*1~NM1*QC*1*ROYALTY*QUENTION****MR*102099962799~DTM*232*20221101~DTM*233*20221104~DTM*050*20230417~SVC*HC:S5125:U7:UA*401.58*401.58**69.00**69.000~DTM*150*20221101~DTM*151*20221104~REF*6R*5155917~LX*178~CLP*2-53621*1*686.76*686.76**MC*2023109120321*12*1~NM1*QC*1*ROYALTY*QUENTION****MR*102099962799~DTM*232*20230410~DTM*233*20230414~DTM*050*20230419~SVC*HC:S5125:U7:UA*686.76*686.76**118.00**118.000~DTM*150*20230410~DTM*151*20230414~REF*6R*5735405~LX*179~CLP*2-53622*1*1082.52*1082.52**MC*2023109120349*12*1~NM1*QC*1*RUBLE*BETTY*L***MR*121301693299~DTM*232*20230410~DTM*233*20230414~DTM*050*20230419~SVC*HC:S5125:U7:UA*1082.52*1082.52**186.00**186.000~DTM*150*20230410~DTM*151*20230414~REF*6R*5735410~LX*180~CLP*2-50460*1*58.20*58.20**MC*2023107045276*12*1~NM1*QC*1*SANDEFUR*MICHAEL*D***MR*106177473199~DTM*232*20221129~DTM*233*20221129~DTM*050*20230417~SVC*HC:S5125:U7:UA*58.20*58.20**10.00**10.000~DTM*472*20221129~REF*6R*5254875~LX*181~CLP*2-50185*1*69.84*69.84**MC*2023107045288*12*1~NM1*QC*1*SANDEFUR*MICHAEL*D***MR*106177473199~DTM*232*20221114~DTM*233*20221119~DTM*050*20230417~SVC*HC:S5125:U7:UA*69.84*69.84**12.00**12.000~DTM*150*20221114~DTM*151*20221119~REF*6R*5204554~LX*182~CLP*2-49899*1*69.84*69.84**MC*2023107045294*12*1~NM1*QC*1*SANDEFUR*MICHAEL*D***MR*106177473199~DTM*232*20221104~DTM*233*20221105~DTM*050*20230417~SVC*HC:S5125:U7:UA*69.84*69.84**12.00**12.000~DTM*150*20221104~DTM*151*20221105~REF*6R*5155921~LX*183~CLP*2-50461*1*285.18*285.18**MC*2023107045285*12*1~NM1*QC*1*SCHAEFER*JULIE****MR*103420286999~DTM*232*20221127~DTM*233*20221130~DTM*050*20230417~SVC*HC:S5125:U7:UA*285.18*285.18**49.00**49.000~DTM*150*20221127~DTM*151*20221130~REF*6R*5254876~LX*184~CLP*2-50186*1*622.74*622.74**MC*2023107045292*12*1~NM1*QC*1*SCHAEFER*JULIE****MR*103420286999~DTM*232*20221113~DTM*233*20221119~DTM*050*20230417~SVC*HC:S5125:U7:UA*622.74*622.74**107.00**107.000~DTM*150*20221113~DTM*151*20221119~REF*6R*5204556~LX*185~CLP*2-49900*1*925.38*925.38**MC*2023107045297*12*1~NM1*QC*1*SCHAEFER*JULIE****MR*103420286999~DTM*232*20221101~DTM*233*20221105~DTM*050*20230417~SVC*HC:S5125:U7:UA*925.38*925.38**159.00**159.000~DTM*150*20221101~DTM*151*20221105~REF*6R*5155923~LX*186~CLP*2-50462*1*116.40*116.40**MC*2023107045303*12*1~NM1*QC*1*SMITH*NATHAN****MR*101516333899~DTM*232*20221128~DTM*233*20221130~DTM*050*20230417~SVC*HC:S5125:U7:UA*116.40*116.40**20.00**20.000~DTM*150*20221128~DTM*151*20221130~REF*6R*5254882~LX*187~CLP*2-50187*1*151.32*151.32**MC*2023107045307*12*1~NM1*QC*1*SMITH*NATHAN****MR*101516333899~DTM*232*20221114~DTM*233*20221118~DTM*050*20230417~SVC*HC:S5125:U7:UA*151.32*151.32**26.00**26.000~DTM*150*20221114~DTM*151*20221118~REF*6R*5204564~LX*188~CLP*2-49901*1*75.66*75.66**MC*2023107045310*12*1~NM1*QC*1*SMITH*NATHAN****MR*101516333899~DTM*232*20221101~DTM*233*20221102~DTM*050*20230417~SVC*HC:S5125:U7:UA*75.66*75.66**13.00**13.000~DTM*150*20221101~DTM*151*20221102~REF*6R*5155932~LX*189~CLP*2-53623*1*250.26*250.26**MC*2023109120368*12*1~NM1*QC*1*SMITH*NATHAN****MR*101516333899~DTM*232*20230410~DTM*233*20230413~DTM*050*20230419~SVC*HC:S5125:U7:UA*250.26*250.26**43.00**43.000~DTM*150*20230410~DTM*151*20230413~REF*6R*5735415~LX*190~CLP*2-50463*1*139.68*139.68**MC*2023107045309*12*1~NM1*QC*1*TAYLOR*KIMELA*S***MR*101395801099~DTM*232*20221129~DTM*233*20221130~DTM*050*20230417~SVC*HC:S5125:U7:UA*139.68*139.68**24.00**24.000~DTM*150*20221129~DTM*151*20221130~REF*6R*5254885~LX*191~CLP*2-50188*1*430.68*430.68**MC*2023107045314*12*1~NM1*QC*1*WADE*MARJORIE*A***MR*101423021199~DTM*232*20221113~DTM*233*20221118~DTM*050*20230417~SVC*HC:S5125:U7:UA*430.68*430.68**74.00**74.000~DTM*150*20221113~DTM*151*20221118~REF*6R*5204568~LX*192~CLP*2-49902*1*186.24*186.24**MC*2023107045316*12*1~NM1*QC*1*WADE*MARJORIE*A***MR*101423021199~DTM*232*20221101~DTM*233*20221104~DTM*050*20230417~SVC*HC:S5125:U7:UA*186.24*186.24**32.00**32.000~DTM*150*20221101~DTM*151*20221104~REF*6R*5155934~LX*193~CLP*2-50464*1*337.56*337.56**MC*2023107045319*12*1~NM1*QC*1*WADE*MARJORIE*A***MR*101423021199~DTM*232*20221127~DTM*233*20221129~DTM*050*20230417~SVC*HC:S5125:U7:UA*337.56*337.56**58.00**58.000~DTM*150*20221127~DTM*151*20221129~REF*6R*5254887~LX*194~CLP*2-50189*1*75.66*75.66**MC*2023107045321*12*1~NM1*QC*1*WETZEL*RANA*A***MR*104421436799~DTM*232*20221117~DTM*233*20221117~DTM*050*20230417~SVC*HC:S5125:U7:UA*75.66*75.66**13.00**13.000~DTM*472*20221117~REF*6R*5204574~LX*195~CLP*2-50465*1*46.56*46.56**MC*2023107045330*12*1~NM1*QC*1*WETZEL*RANA*A***MR*104421436799~DTM*232*20221130~DTM*233*20221130~DTM*050*20230417~SVC*HC:S5125:U7:UA*46.56*46.56**8.00**8.000~DTM*472*20221130~REF*6R*5254890~LX*196~CLP*2-53625*1*69.84*69.84**MC*2023109120427*12*1~NM1*QC*1*WETZEL*RANA*A***MR*104421436799~DTM*232*20230413~DTM*233*20230413~DTM*050*20230419~SVC*HC:S5125:U7:UA*69.84*69.84**12.00**12.000~DTM*472*20230413~REF*6R*5735420~LX*197~CLP*2-49903*1*238.62*238.62**MC*2023107045323*12*1~NM1*QC*1*WHITE*DENNIS*R***MR*102051773499~DTM*232*20221101~DTM*233*20221105~DTM*050*20230417~SVC*HC:S5125:U7:UA*238.62*238.62**41.00**41.000~DTM*150*20221101~DTM*151*20221105~REF*6R*5155938~LX*198~CLP*2-50190*1*197.88*197.88**MC*2023107045331*12*1~NM1*QC*1*WHITE*DENNIS*R***MR*102051773499~DTM*232*20221113~DTM*233*20221119~DTM*050*20230417~SVC*HC:S5125:U7:UA*197.88*197.88**34.00**34.000~DTM*150*20221113~DTM*151*20221119~REF*6R*5204575~LX*199~CLP*2-50466*1*442.32*442.32**MC*2023107045335*12*1~NM1*QC*1*WHITE*DENNIS*R***MR*102051773499~DTM*232*20221127~DTM*233*20221130~DTM*050*20230417~SVC*HC:S5125:U7:UA*442.32*442.32**76.00**76.000~DTM*150*20221127~DTM*151*20221130~REF*6R*5254891~LX*200~CLP*2-53626*1*477.24*477.24**MC*2023109120470*12*1~NM1*QC*1*WHITE*DENNIS*R***MR*102051773499~DTM*232*20230409~DTM*233*20230415~DTM*050*20230419~SVC*HC:S5125:U7:UA*477.24*477.24**82.00**82.000~DTM*150*20230409~DTM*151*20230415~REF*6R*5735421~LX*201~CLP*2-53628*1*523.80*523.80**MC*2023109120516*12*1~NM1*QC*1*WOOTEN*ROXANA*G***MR*100520047099~DTM*232*20230410~DTM*233*20230414~DTM*050*20230419~SVC*HC:S5125:U7:UA*523.80*523.80**90.00**90.000~DTM*150*20230410~DTM*151*20230414~REF*6R*5735429~LX*202~CLP*2-49905*1*93.12*93.12**MC*2023107045334*12*1~NM1*QC*1*YOST*MARY*J***MR*100963796699~DTM*232*20221102~DTM*233*20221102~DTM*050*20230417~SVC*HC:S5125:U7:UA*93.12*93.12**16.00**16.000~DTM*472*20221102~REF*6R*5155943~LX*203~CLP*2-50192*1*302.64*302.64**MC*2023107045338*12*1~NM1*QC*1*YOST*MARY*J***MR*100963796699~DTM*232*20221115~DTM*233*20221119~DTM*050*20230417~SVC*HC:S5125:U7:UA*302.64*302.64**52.00**52.000~DTM*150*20221115~DTM*151*20221119~REF*6R*5204581~LX*204~CLP*2-50468*1*197.88*197.88**MC*2023107045343*12*1~NM1*QC*1*YOST*MARY*J***MR*100963796699~DTM*232*20221128~DTM*233*20221130~DTM*050*20230417~SVC*HC:S5125:U7:UA*197.88*197.88**34.00**34.000~DTM*150*20221128~DTM*151*20221130~REF*6R*5254897~LX*205~CLP*2-53629*1*325.92*325.92**MC*2023109120539*12*1~NM1*QC*1*YOST*MARY*J***MR*100963796699~DTM*232*20230410~DTM*233*20230414~DTM*050*20230419~SVC*HC:S5125:U7:UA*325.92*325.92**56.00**56.000~DTM*150*20230410~DTM*151*20230414~REF*6R*5735434~LX*206~CLP*2-49906*1*133.86*133.86**MC*2023107045346*12*1~NM1*QC*1*YOUNG*FRANCIS*A***MR*102585755699~DTM*232*20221102~DTM*233*20221104~DTM*050*20230417~SVC*HC:S5125:U7:UA*133.86*133.86**23.00**23.000~DTM*150*20221102~DTM*151*20221104~REF*6R*5155945~LX*207~CLP*2-50193*1*256.08*256.08**MC*2023107045352*12*1~NM1*QC*1*YOUNG*FRANCIS*A***MR*102585755699~DTM*232*20221114~DTM*233*20221118~DTM*050*20230417~SVC*HC:S5125:U7:UA*256.08*256.08**44.00**44.000~DTM*150*20221114~DTM*151*20221118~REF*6R*5204587~LX*208~CLP*2-50469*1*46.56*46.56**MC*2023107045355*12*1~NM1*QC*1*YOUNG*FRANCIS*A***MR*102585755699~DTM*232*20221128~DTM*233*20221128~DTM*050*20230417~SVC*HC:S5125:U7:UA*46.56*46.56**8.00**8.000~DTM*472*20221128~REF*6R*5254901~LX*209~CLP*2-53630*1*325.92*325.92**MC*2023109120590*12*1~NM1*QC*1*YOUNG*FRANCIS*A***MR*102585755699~DTM*232*20230410~DTM*233*20230414~DTM*050*20230419~SVC*HC:S5125:U7:UA*325.92*325.92**56.00**56.000~DTM*150*20230410~DTM*151*20230414~REF*6R*5735438~LX*210~CLP*2-49907*1*139.68*139.68**MC*2023107045351*12*1~NM1*QC*1*ZIMNY*ROBERT*L***MR*103207964099~DTM*232*20221102~DTM*233*20221104~DTM*050*20230417~SVC*HC:S5125:U7:UA*139.68*139.68**24.00**24.000~DTM*150*20221102~DTM*151*20221104~REF*6R*5155947~LX*211~CLP*2-50433*4*419.04*0.00**MC*2023107045121*12*1~CAS*CO*31*419.04~NM1*QC*1*HALL*GARY****MR*201050340B~DTM*232*20221128~DTM*233*20221130~DTM*050*20230417~LX*212~CLP*2-49871*4*698.40*0.00**MC*2023107045137*12*1~CAS*CO*31*698.40~NM1*QC*1*HALL*GARY****MR*201050340B~DTM*232*20221101~DTM*233*20221104~DTM*050*20230417~LX*213~CLP*2-50157*4*907.92*0.00**MC*2023107045144*12*1~CAS*CO*31*907.92~NM1*QC*1*HALL*GARY****MR*201050340B~DTM*232*20221114~DTM*233*20221118~DTM*050*20230417~LX*214~CLP*2-50438*4*75.66*0.00**MC*2023107045148*12*1~CAS*CO*31*75.66~NM1*QC*1*HOFELICH*DEBBIE****MR*201050340B~DTM*232*20221130~DTM*233*20221130~DTM*050*20230417~LX*215~CLP*2-49876*4*162.96*0.00**MC*2023107045155*12*1~CAS*CO*31*162.96~NM1*QC*1*HOFELICH*DEBBIE****MR*201050340B~DTM*232*20221102~DTM*233*20221104~DTM*050*20230417~LX*216~CLP*2-50162*4*151.32*0.00**MC*2023107045159*12*1~CAS*CO*31*151.32~NM1*QC*1*HOFELICH*DEBBIE****MR*201050340B~DTM*232*20221116~DTM*233*20221118~DTM*050*20230417~LX*217~CLP*2-53593*4*931.20*0.00**MC*2023109119208*12*1~CAS*CO*31*931.20~NM1*QC*1*HALL*GARY****MR*201050340B~DTM*232*20230410~DTM*233*20230414~DTM*050*20230419~LX*218~CLP*2-53599*4*139.68*0.00**MC*2023109119392*12*1~CAS*CO*31*139.68~NM1*QC*1*HOFELICH*DEBBIE****MR*201050340B~DTM*232*20230410~DTM*233*20230412~DTM*050*20230419~LX*219~CLP*2-53624*4*93.12*0.00**MC*2023109120423*12*1~CAS*CO*31*93.12~NM1*QC*1*SNOW*VIRGINIA****MR*000000000~DTM*232*20230411~DTM*233*20230411~DTM*050*20230419~LX*220~CLP*2-49180*4*1024.32*0.00**MC*2223108003169*12*1~NM1*QC*1*CHARLES*CYNTHIA*L***MR*103451528699~DTM*232*20221003~DTM*233*20221008~DTM*050*20230418~SVC*HC:S5125:U7:UA*139.68*0.00**0.00**24.000~DTM*472*20221003~CAS*CO*29*139.68~LQ*HE*N706~SVC*HC:S5125:U7:UA*186.24*0.00**0.00**32.000~DTM*472*20221004~CAS*CO*29*186.24~LQ*HE*N706~SVC*HC:S5125:U7:UA*186.24*0.00**0.00**32.000~DTM*472*20221005~CAS*CO*29*186.24~LQ*HE*N706~SVC*HC:S5125:U7:UA*186.24*0.00**0.00**32.000~DTM*472*20221006~CAS*CO*29*186.24~LQ*HE*N706~SVC*HC:S5125:U7:UA*186.24*0.00**0.00**32.000~DTM*472*20221007~CAS*CO*29*186.24~LQ*HE*N706~SVC*HC:S5125:U7:UA*139.68*0.00**0.00**24.000~DTM*472*20221008~CAS*CO*29*139.68~LQ*HE*N706~LX*221~CLP*2-53589*4*197.88*0.00**MC*2023109119127*12*1~NM1*QC*1*FETTER*AMY*M***MR*105089571199~DTM*232*20230411~DTM*233*20230414~DTM*050*20230419~SVC*HC:S5125:U7:UA*197.88*0.00**0.00**34.000~DTM*150*20230411~DTM*151*20230414~CAS*CO*96*197.88~REF*6R*5735245~LQ*HE*N30~LQ*HE*N519~LQ*HE*N130~LX*222~CLP*2-50443*4*477.24*0.00**MC*2023107045185*12*1~NM1*QC*1*LAMBERT*ALVIN*L***MR*101155834199~DTM*232*20221127~DTM*233*20221130~DTM*050*20230417~SVC*HC:S5125:U7:UA*477.24*0.00**0.00**82.000~DTM*150*20221127~DTM*151*20221130~CAS*CO*96*477.24~REF*6R*5254827~LQ*HE*N30~LQ*HE*N519~LQ*HE*N130~LX*223~CLP*2-49882*4*582.00*0.00**MC*2023107045186*12*1~NM1*QC*1*LAMBERT*ALVIN*L***MR*101155834199~DTM*232*20221101~DTM*233*20221105~DTM*050*20230417~SVC*HC:S5125:U7:UA*582.00*0.00**0.00**100.000~DTM*150*20221101~DTM*151*20221105~CAS*CO*96*582.00~REF*6R*5155849~LQ*HE*N30~LQ*HE*N519~LQ*HE*N130~LX*224~CLP*2-50168*4*727.50*0.00**MC*2023107045190*12*1~NM1*QC*1*LAMBERT*ALVIN*L***MR*101155834199~DTM*232*20221114~DTM*233*20221119~DTM*050*20230417~SVC*HC:S5125:U7:UA*727.50*0.00**0.00**125.000~DTM*150*20221114~DTM*151*20221119~CAS*CO*96*727.50~REF*6R*5204466~LQ*HE*N30~LQ*HE*N519~LQ*HE*N130~LX*225~CLP*2-49904*4*69.84*0.00**MC*2023107045332*12*1~NM1*QC*1*WHITE*JUDY*K***MR*100648398499~DTM*232*20221102~DTM*233*20221102~DTM*050*20230417~SVC*HC:S5125:U7:UA*69.84*0.00**0.00**12.000~DTM*472*20221102~CAS*CO*96*69.84~REF*6R*5155942~LQ*HE*N30~LQ*HE*N519~LQ*HE*N130~LX*226~CLP*2-50191*4*93.12*0.00**MC*2023107045337*12*1~NM1*QC*1*WHITE*JUDY*K***MR*100648398499~DTM*232*20221118~DTM*233*20221118~DTM*050*20230417~SVC*HC:S5125:U7:UA*93.12*0.00**0.00**16.000~DTM*472*20221118~CAS*CO*96*93.12~REF*6R*5204580~LQ*HE*N30~LQ*HE*N519~LQ*HE*N130~LX*227~CLP*2-50467*4*93.12*0.00**MC*2023107045342*12*1~NM1*QC*1*WHITE*JUDY*K***MR*100648398499~DTM*232*20221130~DTM*233*20221130~DTM*050*20230417~SVC*HC:S5125:U7:UA*93.12*0.00**0.00**16.000~DTM*472*20221130~CAS*CO*96*93.12~REF*6R*5254896~LQ*HE*N30~LQ*HE*N519~LQ*HE*N130~LX*228~CLP*2-53627*4*69.84*0.00**MC*2023109120509*12*1~NM1*QC*1*WHITE*JUDY*K***MR*100648398499~DTM*232*20230412~DTM*233*20230412~DTM*050*20230419~SVC*HC:S5125:U7:UA*69.84*0.00**0.00**12.000~DTM*472*20230412~CAS*CO*96*69.84~REF*6R*5735428~LQ*HE*N30~LQ*HE*N519~LQ*HE*N130~SE*2313*0002~GE*2*104221133~IEA*1*104221133~